%YAML 1.1
%TAG !u! tag:unity3d.com,2011:
--- !u!1 &5631620774594070347
GameObject:
  m_ObjectHideFlags: 0
  m_CorrespondingSourceObject: {fileID: 0}
  m_PrefabInstance: {fileID: 0}
  m_PrefabAsset: {fileID: 0}
  serializedVersion: 6
  m_Component:
  - component: {fileID: 4052585667815201789}
  m_Layer: 0
  m_Name: ScoreText
  m_TagString: Untagged
  m_Icon: {fileID: 0}
  m_NavMeshLayer: 0
  m_StaticEditorFlags: 0
  m_IsActive: 1
--- !u!4 &4052585667815201789
Transform:
  m_ObjectHideFlags: 0
  m_CorrespondingSourceObject: {fileID: 0}
  m_PrefabInstance: {fileID: 0}
  m_PrefabAsset: {fileID: 0}
  m_GameObject: {fileID: 5631620774594070347}
  m_LocalRotation: {x: 0, y: 0, z: 0, w: 1}
  m_LocalPosition: {x: 0, y: 0, z: 0}
  m_LocalScale: {x: 0.1, y: 0.1, z: 0.1}
  m_Children:
  - {fileID: 4350968123287997276}
  - {fileID: 5281741759383777136}
  - {fileID: 8769654479723427361}
  - {fileID: 3212001163871471463}
  - {fileID: 5535380010205641708}
  - {fileID: 1500379153259837997}
  - {fileID: 6443894374041069082}
  - {fileID: 2738450166555142493}
  - {fileID: 190505353609345391}
  - {fileID: 7541739448183505565}
  - {fileID: 9157000503187075607}
  - {fileID: 4702010238525189913}
  - {fileID: 616185288305175141}
  - {fileID: 5968305572335697729}
  - {fileID: 2523905288213159050}
  - {fileID: 5329022729010547701}
  - {fileID: 3615197512140848355}
  - {fileID: 4098988341537150472}
  - {fileID: 5043593588769896301}
  - {fileID: 4753273105285182263}
  - {fileID: 4566493594262120603}
  - {fileID: 4869985372410308374}
  - {fileID: 7081886945683909007}
  - {fileID: 351051230950900693}
  - {fileID: 286481790574545208}
  - {fileID: 8369496574987341732}
  - {fileID: 5369505146092788533}
  - {fileID: 2899605951303553615}
  - {fileID: 3877263271988160212}
  m_Father: {fileID: 3809557235753403363}
  m_RootOrder: 0
  m_LocalEulerAnglesHint: {x: 0, y: 0, z: 0}
--- !u!1 &6214568991236003498
GameObject:
  m_ObjectHideFlags: 0
  m_CorrespondingSourceObject: {fileID: 0}
  m_PrefabInstance: {fileID: 0}
  m_PrefabAsset: {fileID: 0}
  serializedVersion: 6
  m_Component:
  - component: {fileID: 3809557235753403363}
  m_Layer: 0
  m_Name: ScoreText_L_6
  m_TagString: Untagged
  m_Icon: {fileID: 0}
  m_NavMeshLayer: 0
  m_StaticEditorFlags: 0
  m_IsActive: 1
--- !u!4 &3809557235753403363
Transform:
  m_ObjectHideFlags: 0
  m_CorrespondingSourceObject: {fileID: 0}
  m_PrefabInstance: {fileID: 0}
  m_PrefabAsset: {fileID: 0}
  m_GameObject: {fileID: 6214568991236003498}
  m_LocalRotation: {x: 0, y: 0, z: 0, w: 1}
  m_LocalPosition: {x: 0, y: 0, z: 0}
  m_LocalScale: {x: 1, y: 1, z: 1}
  m_Children:
  - {fileID: 4052585667815201789}
  m_Father: {fileID: 0}
  m_RootOrder: 0
  m_LocalEulerAnglesHint: {x: 0, y: 0, z: 0}
--- !u!1001 &53046711189833463
PrefabInstance:
  m_ObjectHideFlags: 0
  serializedVersion: 2
  m_Modification:
    m_TransformParent: {fileID: 4052585667815201789}
    m_Modifications:
    - target: {fileID: 6740386365141179517, guid: c2afafd7b906b6a47b55fc6510afec59,
        type: 3}
      propertyPath: m_Name
      value: Dot_L09
      objectReference: {fileID: 0}
    - target: {fileID: 6472018432318644461, guid: c2afafd7b906b6a47b55fc6510afec59,
        type: 3}
      propertyPath: m_LocalPosition.x
      value: -1.5
      objectReference: {fileID: 0}
    - target: {fileID: 6472018432318644461, guid: c2afafd7b906b6a47b55fc6510afec59,
        type: 3}
      propertyPath: m_LocalPosition.y
      value: 0
      objectReference: {fileID: 0}
    - target: {fileID: 6472018432318644461, guid: c2afafd7b906b6a47b55fc6510afec59,
        type: 3}
      propertyPath: m_LocalPosition.z
      value: 3.5
      objectReference: {fileID: 0}
    - target: {fileID: 6472018432318644461, guid: c2afafd7b906b6a47b55fc6510afec59,
        type: 3}
      propertyPath: m_LocalRotation.x
      value: 0
      objectReference: {fileID: 0}
    - target: {fileID: 6472018432318644461, guid: c2afafd7b906b6a47b55fc6510afec59,
        type: 3}
      propertyPath: m_LocalRotation.y
      value: 0
      objectReference: {fileID: 0}
    - target: {fileID: 6472018432318644461, guid: c2afafd7b906b6a47b55fc6510afec59,
        type: 3}
      propertyPath: m_LocalRotation.z
      value: 0
      objectReference: {fileID: 0}
    - target: {fileID: 6472018432318644461, guid: c2afafd7b906b6a47b55fc6510afec59,
        type: 3}
      propertyPath: m_LocalRotation.w
      value: 1
      objectReference: {fileID: 0}
    - target: {fileID: 6472018432318644461, guid: c2afafd7b906b6a47b55fc6510afec59,
        type: 3}
      propertyPath: m_RootOrder
      value: 6
      objectReference: {fileID: 0}
    - target: {fileID: 6472018432318644461, guid: c2afafd7b906b6a47b55fc6510afec59,
        type: 3}
      propertyPath: m_LocalEulerAnglesHint.x
      value: 0
      objectReference: {fileID: 0}
    - target: {fileID: 6472018432318644461, guid: c2afafd7b906b6a47b55fc6510afec59,
        type: 3}
      propertyPath: m_LocalEulerAnglesHint.y
      value: 0
      objectReference: {fileID: 0}
    - target: {fileID: 6472018432318644461, guid: c2afafd7b906b6a47b55fc6510afec59,
        type: 3}
      propertyPath: m_LocalEulerAnglesHint.z
      value: 0
      objectReference: {fileID: 0}
    m_RemovedComponents: []
  m_SourcePrefab: {fileID: 100100000, guid: c2afafd7b906b6a47b55fc6510afec59, type: 3}
--- !u!4 &6443894374041069082 stripped
Transform:
  m_CorrespondingSourceObject: {fileID: 6472018432318644461, guid: c2afafd7b906b6a47b55fc6510afec59,
    type: 3}
  m_PrefabInstance: {fileID: 53046711189833463}
  m_PrefabAsset: {fileID: 0}
--- !u!1001 &793359429930033068
PrefabInstance:
  m_ObjectHideFlags: 0
  serializedVersion: 2
  m_Modification:
    m_TransformParent: {fileID: 4052585667815201789}
    m_Modifications:
    - target: {fileID: 6740386365141179517, guid: c2afafd7b906b6a47b55fc6510afec59,
        type: 3}
      propertyPath: m_Name
      value: Dot_L16
      objectReference: {fileID: 0}
    - target: {fileID: 6472018432318644461, guid: c2afafd7b906b6a47b55fc6510afec59,
        type: 3}
      propertyPath: m_LocalPosition.x
      value: -1.5
      objectReference: {fileID: 0}
    - target: {fileID: 6472018432318644461, guid: c2afafd7b906b6a47b55fc6510afec59,
        type: 3}
      propertyPath: m_LocalPosition.y
      value: 0
      objectReference: {fileID: 0}
    - target: {fileID: 6472018432318644461, guid: c2afafd7b906b6a47b55fc6510afec59,
        type: 3}
      propertyPath: m_LocalPosition.z
      value: -3.5
      objectReference: {fileID: 0}
    - target: {fileID: 6472018432318644461, guid: c2afafd7b906b6a47b55fc6510afec59,
        type: 3}
      propertyPath: m_LocalRotation.x
      value: 0
      objectReference: {fileID: 0}
    - target: {fileID: 6472018432318644461, guid: c2afafd7b906b6a47b55fc6510afec59,
        type: 3}
      propertyPath: m_LocalRotation.y
      value: 0
      objectReference: {fileID: 0}
    - target: {fileID: 6472018432318644461, guid: c2afafd7b906b6a47b55fc6510afec59,
        type: 3}
      propertyPath: m_LocalRotation.z
      value: 0
      objectReference: {fileID: 0}
    - target: {fileID: 6472018432318644461, guid: c2afafd7b906b6a47b55fc6510afec59,
        type: 3}
      propertyPath: m_LocalRotation.w
      value: 1
      objectReference: {fileID: 0}
    - target: {fileID: 6472018432318644461, guid: c2afafd7b906b6a47b55fc6510afec59,
        type: 3}
      propertyPath: m_RootOrder
      value: 13
      objectReference: {fileID: 0}
    - target: {fileID: 6472018432318644461, guid: c2afafd7b906b6a47b55fc6510afec59,
        type: 3}
      propertyPath: m_LocalEulerAnglesHint.x
      value: 0
      objectReference: {fileID: 0}
    - target: {fileID: 6472018432318644461, guid: c2afafd7b906b6a47b55fc6510afec59,
        type: 3}
      propertyPath: m_LocalEulerAnglesHint.y
      value: 0
      objectReference: {fileID: 0}
    - target: {fileID: 6472018432318644461, guid: c2afafd7b906b6a47b55fc6510afec59,
        type: 3}
      propertyPath: m_LocalEulerAnglesHint.z
      value: 0
      objectReference: {fileID: 0}
    m_RemovedComponents: []
  m_SourcePrefab: {fileID: 100100000, guid: c2afafd7b906b6a47b55fc6510afec59, type: 3}
--- !u!4 &5968305572335697729 stripped
Transform:
  m_CorrespondingSourceObject: {fileID: 6472018432318644461, guid: c2afafd7b906b6a47b55fc6510afec59,
    type: 3}
  m_PrefabInstance: {fileID: 793359429930033068}
  m_PrefabAsset: {fileID: 0}
--- !u!1001 &1163414734033791768
PrefabInstance:
  m_ObjectHideFlags: 0
  serializedVersion: 2
  m_Modification:
    m_TransformParent: {fileID: 4052585667815201789}
    m_Modifications:
    - target: {fileID: 6740386365141179517, guid: c2afafd7b906b6a47b55fc6510afec59,
        type: 3}
      propertyPath: m_Name
      value: Dot_L20
      objectReference: {fileID: 0}
    - target: {fileID: 6472018432318644461, guid: c2afafd7b906b6a47b55fc6510afec59,
        type: 3}
      propertyPath: m_LocalPosition.x
      value: -0.5
      objectReference: {fileID: 0}
    - target: {fileID: 6472018432318644461, guid: c2afafd7b906b6a47b55fc6510afec59,
        type: 3}
      propertyPath: m_LocalPosition.y
      value: 0
      objectReference: {fileID: 0}
    - target: {fileID: 6472018432318644461, guid: c2afafd7b906b6a47b55fc6510afec59,
        type: 3}
      propertyPath: m_LocalPosition.z
      value: 0.5
      objectReference: {fileID: 0}
    - target: {fileID: 6472018432318644461, guid: c2afafd7b906b6a47b55fc6510afec59,
        type: 3}
      propertyPath: m_LocalRotation.x
      value: 0
      objectReference: {fileID: 0}
    - target: {fileID: 6472018432318644461, guid: c2afafd7b906b6a47b55fc6510afec59,
        type: 3}
      propertyPath: m_LocalRotation.y
      value: 0
      objectReference: {fileID: 0}
    - target: {fileID: 6472018432318644461, guid: c2afafd7b906b6a47b55fc6510afec59,
        type: 3}
      propertyPath: m_LocalRotation.z
      value: 0
      objectReference: {fileID: 0}
    - target: {fileID: 6472018432318644461, guid: c2afafd7b906b6a47b55fc6510afec59,
        type: 3}
      propertyPath: m_LocalRotation.w
      value: 1
      objectReference: {fileID: 0}
    - target: {fileID: 6472018432318644461, guid: c2afafd7b906b6a47b55fc6510afec59,
        type: 3}
      propertyPath: m_RootOrder
      value: 15
      objectReference: {fileID: 0}
    - target: {fileID: 6472018432318644461, guid: c2afafd7b906b6a47b55fc6510afec59,
        type: 3}
      propertyPath: m_LocalEulerAnglesHint.x
      value: 0
      objectReference: {fileID: 0}
    - target: {fileID: 6472018432318644461, guid: c2afafd7b906b6a47b55fc6510afec59,
        type: 3}
      propertyPath: m_LocalEulerAnglesHint.y
      value: 0
      objectReference: {fileID: 0}
    - target: {fileID: 6472018432318644461, guid: c2afafd7b906b6a47b55fc6510afec59,
        type: 3}
      propertyPath: m_LocalEulerAnglesHint.z
      value: 0
      objectReference: {fileID: 0}
    m_RemovedComponents: []
  m_SourcePrefab: {fileID: 100100000, guid: c2afafd7b906b6a47b55fc6510afec59, type: 3}
--- !u!4 &5329022729010547701 stripped
Transform:
  m_CorrespondingSourceObject: {fileID: 6472018432318644461, guid: c2afafd7b906b6a47b55fc6510afec59,
    type: 3}
  m_PrefabInstance: {fileID: 1163414734033791768}
  m_PrefabAsset: {fileID: 0}
--- !u!1001 &1197322378922200989
PrefabInstance:
  m_ObjectHideFlags: 0
  serializedVersion: 2
  m_Modification:
    m_TransformParent: {fileID: 4052585667815201789}
    m_Modifications:
    - target: {fileID: 6740386365141179517, guid: c2afafd7b906b6a47b55fc6510afec59,
        type: 3}
      propertyPath: m_Name
      value: Dot_L03
      objectReference: {fileID: 0}
    - target: {fileID: 6472018432318644461, guid: c2afafd7b906b6a47b55fc6510afec59,
        type: 3}
      propertyPath: m_LocalPosition.x
      value: -2.5
      objectReference: {fileID: 0}
    - target: {fileID: 6472018432318644461, guid: c2afafd7b906b6a47b55fc6510afec59,
        type: 3}
      propertyPath: m_LocalPosition.y
      value: 0
      objectReference: {fileID: 0}
    - target: {fileID: 6472018432318644461, guid: c2afafd7b906b6a47b55fc6510afec59,
        type: 3}
      propertyPath: m_LocalPosition.z
      value: 1.5
      objectReference: {fileID: 0}
    - target: {fileID: 6472018432318644461, guid: c2afafd7b906b6a47b55fc6510afec59,
        type: 3}
      propertyPath: m_LocalRotation.x
      value: 0
      objectReference: {fileID: 0}
    - target: {fileID: 6472018432318644461, guid: c2afafd7b906b6a47b55fc6510afec59,
        type: 3}
      propertyPath: m_LocalRotation.y
      value: 0
      objectReference: {fileID: 0}
    - target: {fileID: 6472018432318644461, guid: c2afafd7b906b6a47b55fc6510afec59,
        type: 3}
      propertyPath: m_LocalRotation.z
      value: 0
      objectReference: {fileID: 0}
    - target: {fileID: 6472018432318644461, guid: c2afafd7b906b6a47b55fc6510afec59,
        type: 3}
      propertyPath: m_LocalRotation.w
      value: 1
      objectReference: {fileID: 0}
    - target: {fileID: 6472018432318644461, guid: c2afafd7b906b6a47b55fc6510afec59,
        type: 3}
      propertyPath: m_RootOrder
      value: 1
      objectReference: {fileID: 0}
    - target: {fileID: 6472018432318644461, guid: c2afafd7b906b6a47b55fc6510afec59,
        type: 3}
      propertyPath: m_LocalEulerAnglesHint.x
      value: 0
      objectReference: {fileID: 0}
    - target: {fileID: 6472018432318644461, guid: c2afafd7b906b6a47b55fc6510afec59,
        type: 3}
      propertyPath: m_LocalEulerAnglesHint.y
      value: 0
      objectReference: {fileID: 0}
    - target: {fileID: 6472018432318644461, guid: c2afafd7b906b6a47b55fc6510afec59,
        type: 3}
      propertyPath: m_LocalEulerAnglesHint.z
      value: 0
      objectReference: {fileID: 0}
    m_RemovedComponents: []
  m_SourcePrefab: {fileID: 100100000, guid: c2afafd7b906b6a47b55fc6510afec59, type: 3}
--- !u!4 &5281741759383777136 stripped
Transform:
  m_CorrespondingSourceObject: {fileID: 6472018432318644461, guid: c2afafd7b906b6a47b55fc6510afec59,
    type: 3}
  m_PrefabInstance: {fileID: 1197322378922200989}
  m_PrefabAsset: {fileID: 0}
--- !u!1001 &1393136216871549912
PrefabInstance:
  m_ObjectHideFlags: 0
  serializedVersion: 2
  m_Modification:
    m_TransformParent: {fileID: 4052585667815201789}
    m_Modifications:
    - target: {fileID: 6740386365141179517, guid: c2afafd7b906b6a47b55fc6510afec59,
        type: 3}
      propertyPath: m_Name
      value: Dot_L45
      objectReference: {fileID: 0}
    - target: {fileID: 6472018432318644461, guid: c2afafd7b906b6a47b55fc6510afec59,
        type: 3}
      propertyPath: m_LocalPosition.x
      value: 2.5
      objectReference: {fileID: 0}
    - target: {fileID: 6472018432318644461, guid: c2afafd7b906b6a47b55fc6510afec59,
        type: 3}
      propertyPath: m_LocalPosition.y
      value: 0
      objectReference: {fileID: 0}
    - target: {fileID: 6472018432318644461, guid: c2afafd7b906b6a47b55fc6510afec59,
        type: 3}
      propertyPath: m_LocalPosition.z
      value: -0.5
      objectReference: {fileID: 0}
    - target: {fileID: 6472018432318644461, guid: c2afafd7b906b6a47b55fc6510afec59,
        type: 3}
      propertyPath: m_LocalRotation.x
      value: 0
      objectReference: {fileID: 0}
    - target: {fileID: 6472018432318644461, guid: c2afafd7b906b6a47b55fc6510afec59,
        type: 3}
      propertyPath: m_LocalRotation.y
      value: 0
      objectReference: {fileID: 0}
    - target: {fileID: 6472018432318644461, guid: c2afafd7b906b6a47b55fc6510afec59,
        type: 3}
      propertyPath: m_LocalRotation.z
      value: 0
      objectReference: {fileID: 0}
    - target: {fileID: 6472018432318644461, guid: c2afafd7b906b6a47b55fc6510afec59,
        type: 3}
      propertyPath: m_LocalRotation.w
      value: 1
      objectReference: {fileID: 0}
    - target: {fileID: 6472018432318644461, guid: c2afafd7b906b6a47b55fc6510afec59,
        type: 3}
      propertyPath: m_RootOrder
      value: 26
      objectReference: {fileID: 0}
    - target: {fileID: 6472018432318644461, guid: c2afafd7b906b6a47b55fc6510afec59,
        type: 3}
      propertyPath: m_LocalEulerAnglesHint.x
      value: 0
      objectReference: {fileID: 0}
    - target: {fileID: 6472018432318644461, guid: c2afafd7b906b6a47b55fc6510afec59,
        type: 3}
      propertyPath: m_LocalEulerAnglesHint.y
      value: 0
      objectReference: {fileID: 0}
    - target: {fileID: 6472018432318644461, guid: c2afafd7b906b6a47b55fc6510afec59,
        type: 3}
      propertyPath: m_LocalEulerAnglesHint.z
      value: 0
      objectReference: {fileID: 0}
    m_RemovedComponents: []
  m_SourcePrefab: {fileID: 100100000, guid: c2afafd7b906b6a47b55fc6510afec59, type: 3}
--- !u!4 &5369505146092788533 stripped
Transform:
  m_CorrespondingSourceObject: {fileID: 6472018432318644461, guid: c2afafd7b906b6a47b55fc6510afec59,
    type: 3}
  m_PrefabInstance: {fileID: 1393136216871549912}
  m_PrefabAsset: {fileID: 0}
--- !u!1001 &1513390567583177473
PrefabInstance:
  m_ObjectHideFlags: 0
  serializedVersion: 2
  m_Modification:
    m_TransformParent: {fileID: 4052585667815201789}
    m_Modifications:
    - target: {fileID: 6740386365141179517, guid: c2afafd7b906b6a47b55fc6510afec59,
        type: 3}
      propertyPath: m_Name
      value: Dot_L06
      objectReference: {fileID: 0}
    - target: {fileID: 6472018432318644461, guid: c2afafd7b906b6a47b55fc6510afec59,
        type: 3}
      propertyPath: m_LocalPosition.x
      value: -2.5
      objectReference: {fileID: 0}
    - target: {fileID: 6472018432318644461, guid: c2afafd7b906b6a47b55fc6510afec59,
        type: 3}
      propertyPath: m_LocalPosition.y
      value: 0
      objectReference: {fileID: 0}
    - target: {fileID: 6472018432318644461, guid: c2afafd7b906b6a47b55fc6510afec59,
        type: 3}
      propertyPath: m_LocalPosition.z
      value: -1.5
      objectReference: {fileID: 0}
    - target: {fileID: 6472018432318644461, guid: c2afafd7b906b6a47b55fc6510afec59,
        type: 3}
      propertyPath: m_LocalRotation.x
      value: 0
      objectReference: {fileID: 0}
    - target: {fileID: 6472018432318644461, guid: c2afafd7b906b6a47b55fc6510afec59,
        type: 3}
      propertyPath: m_LocalRotation.y
      value: 0
      objectReference: {fileID: 0}
    - target: {fileID: 6472018432318644461, guid: c2afafd7b906b6a47b55fc6510afec59,
        type: 3}
      propertyPath: m_LocalRotation.z
      value: 0
      objectReference: {fileID: 0}
    - target: {fileID: 6472018432318644461, guid: c2afafd7b906b6a47b55fc6510afec59,
        type: 3}
      propertyPath: m_LocalRotation.w
      value: 1
      objectReference: {fileID: 0}
    - target: {fileID: 6472018432318644461, guid: c2afafd7b906b6a47b55fc6510afec59,
        type: 3}
      propertyPath: m_RootOrder
      value: 4
      objectReference: {fileID: 0}
    - target: {fileID: 6472018432318644461, guid: c2afafd7b906b6a47b55fc6510afec59,
        type: 3}
      propertyPath: m_LocalEulerAnglesHint.x
      value: 0
      objectReference: {fileID: 0}
    - target: {fileID: 6472018432318644461, guid: c2afafd7b906b6a47b55fc6510afec59,
        type: 3}
      propertyPath: m_LocalEulerAnglesHint.y
      value: 0
      objectReference: {fileID: 0}
    - target: {fileID: 6472018432318644461, guid: c2afafd7b906b6a47b55fc6510afec59,
        type: 3}
      propertyPath: m_LocalEulerAnglesHint.z
      value: 0
      objectReference: {fileID: 0}
    m_RemovedComponents: []
  m_SourcePrefab: {fileID: 100100000, guid: c2afafd7b906b6a47b55fc6510afec59, type: 3}
--- !u!4 &5535380010205641708 stripped
Transform:
  m_CorrespondingSourceObject: {fileID: 6472018432318644461, guid: c2afafd7b906b6a47b55fc6510afec59,
    type: 3}
  m_PrefabInstance: {fileID: 1513390567583177473}
  m_PrefabAsset: {fileID: 0}
--- !u!1001 &1740147359550198746
PrefabInstance:
  m_ObjectHideFlags: 0
  serializedVersion: 2
  m_Modification:
    m_TransformParent: {fileID: 4052585667815201789}
    m_Modifications:
    - target: {fileID: 6740386365141179517, guid: c2afafd7b906b6a47b55fc6510afec59,
        type: 3}
      propertyPath: m_Name
      value: Dot_L32
      objectReference: {fileID: 0}
    - target: {fileID: 6472018432318644461, guid: c2afafd7b906b6a47b55fc6510afec59,
        type: 3}
      propertyPath: m_LocalPosition.x
      value: 0.5
      objectReference: {fileID: 0}
    - target: {fileID: 6472018432318644461, guid: c2afafd7b906b6a47b55fc6510afec59,
        type: 3}
      propertyPath: m_LocalPosition.y
      value: 0
      objectReference: {fileID: 0}
    - target: {fileID: 6472018432318644461, guid: c2afafd7b906b6a47b55fc6510afec59,
        type: 3}
      propertyPath: m_LocalPosition.z
      value: -3.5
      objectReference: {fileID: 0}
    - target: {fileID: 6472018432318644461, guid: c2afafd7b906b6a47b55fc6510afec59,
        type: 3}
      propertyPath: m_LocalRotation.x
      value: 0
      objectReference: {fileID: 0}
    - target: {fileID: 6472018432318644461, guid: c2afafd7b906b6a47b55fc6510afec59,
        type: 3}
      propertyPath: m_LocalRotation.y
      value: 0
      objectReference: {fileID: 0}
    - target: {fileID: 6472018432318644461, guid: c2afafd7b906b6a47b55fc6510afec59,
        type: 3}
      propertyPath: m_LocalRotation.z
      value: 0
      objectReference: {fileID: 0}
    - target: {fileID: 6472018432318644461, guid: c2afafd7b906b6a47b55fc6510afec59,
        type: 3}
      propertyPath: m_LocalRotation.w
      value: 1
      objectReference: {fileID: 0}
    - target: {fileID: 6472018432318644461, guid: c2afafd7b906b6a47b55fc6510afec59,
        type: 3}
      propertyPath: m_RootOrder
      value: 19
      objectReference: {fileID: 0}
    - target: {fileID: 6472018432318644461, guid: c2afafd7b906b6a47b55fc6510afec59,
        type: 3}
      propertyPath: m_LocalEulerAnglesHint.x
      value: 0
      objectReference: {fileID: 0}
    - target: {fileID: 6472018432318644461, guid: c2afafd7b906b6a47b55fc6510afec59,
        type: 3}
      propertyPath: m_LocalEulerAnglesHint.y
      value: 0
      objectReference: {fileID: 0}
    - target: {fileID: 6472018432318644461, guid: c2afafd7b906b6a47b55fc6510afec59,
        type: 3}
      propertyPath: m_LocalEulerAnglesHint.z
      value: 0
      objectReference: {fileID: 0}
    m_RemovedComponents: []
  m_SourcePrefab: {fileID: 100100000, guid: c2afafd7b906b6a47b55fc6510afec59, type: 3}
--- !u!4 &4753273105285182263 stripped
Transform:
  m_CorrespondingSourceObject: {fileID: 6472018432318644461, guid: c2afafd7b906b6a47b55fc6510afec59,
    type: 3}
  m_PrefabInstance: {fileID: 1740147359550198746}
  m_PrefabAsset: {fileID: 0}
--- !u!1001 &1770441453234360308
PrefabInstance:
  m_ObjectHideFlags: 0
  serializedVersion: 2
  m_Modification:
    m_TransformParent: {fileID: 4052585667815201789}
    m_Modifications:
    - target: {fileID: 6740386365141179517, guid: c2afafd7b906b6a47b55fc6510afec59,
        type: 3}
      propertyPath: m_Name
      value: Dot_L14
      objectReference: {fileID: 0}
    - target: {fileID: 6472018432318644461, guid: c2afafd7b906b6a47b55fc6510afec59,
        type: 3}
      propertyPath: m_LocalPosition.x
      value: -1.5
      objectReference: {fileID: 0}
    - target: {fileID: 6472018432318644461, guid: c2afafd7b906b6a47b55fc6510afec59,
        type: 3}
      propertyPath: m_LocalPosition.y
      value: 0
      objectReference: {fileID: 0}
    - target: {fileID: 6472018432318644461, guid: c2afafd7b906b6a47b55fc6510afec59,
        type: 3}
      propertyPath: m_LocalPosition.z
      value: -1.5
      objectReference: {fileID: 0}
    - target: {fileID: 6472018432318644461, guid: c2afafd7b906b6a47b55fc6510afec59,
        type: 3}
      propertyPath: m_LocalRotation.x
      value: 0
      objectReference: {fileID: 0}
    - target: {fileID: 6472018432318644461, guid: c2afafd7b906b6a47b55fc6510afec59,
        type: 3}
      propertyPath: m_LocalRotation.y
      value: 0
      objectReference: {fileID: 0}
    - target: {fileID: 6472018432318644461, guid: c2afafd7b906b6a47b55fc6510afec59,
        type: 3}
      propertyPath: m_LocalRotation.z
      value: 0
      objectReference: {fileID: 0}
    - target: {fileID: 6472018432318644461, guid: c2afafd7b906b6a47b55fc6510afec59,
        type: 3}
      propertyPath: m_LocalRotation.w
      value: 1
      objectReference: {fileID: 0}
    - target: {fileID: 6472018432318644461, guid: c2afafd7b906b6a47b55fc6510afec59,
        type: 3}
      propertyPath: m_RootOrder
      value: 11
      objectReference: {fileID: 0}
    - target: {fileID: 6472018432318644461, guid: c2afafd7b906b6a47b55fc6510afec59,
        type: 3}
      propertyPath: m_LocalEulerAnglesHint.x
      value: 0
      objectReference: {fileID: 0}
    - target: {fileID: 6472018432318644461, guid: c2afafd7b906b6a47b55fc6510afec59,
        type: 3}
      propertyPath: m_LocalEulerAnglesHint.y
      value: 0
      objectReference: {fileID: 0}
    - target: {fileID: 6472018432318644461, guid: c2afafd7b906b6a47b55fc6510afec59,
        type: 3}
      propertyPath: m_LocalEulerAnglesHint.z
      value: 0
      objectReference: {fileID: 0}
    m_RemovedComponents: []
  m_SourcePrefab: {fileID: 100100000, guid: c2afafd7b906b6a47b55fc6510afec59, type: 3}
--- !u!4 &4702010238525189913 stripped
Transform:
  m_CorrespondingSourceObject: {fileID: 6472018432318644461, guid: c2afafd7b906b6a47b55fc6510afec59,
    type: 3}
  m_PrefabInstance: {fileID: 1770441453234360308}
  m_PrefabAsset: {fileID: 0}
--- !u!1001 &1892800048102590459
PrefabInstance:
  m_ObjectHideFlags: 0
  serializedVersion: 2
  m_Modification:
    m_TransformParent: {fileID: 4052585667815201789}
    m_Modifications:
    - target: {fileID: 6740386365141179517, guid: c2afafd7b906b6a47b55fc6510afec59,
        type: 3}
      propertyPath: m_Name
      value: Dot_L36
      objectReference: {fileID: 0}
    - target: {fileID: 6472018432318644461, guid: c2afafd7b906b6a47b55fc6510afec59,
        type: 3}
      propertyPath: m_LocalPosition.x
      value: 1.5
      objectReference: {fileID: 0}
    - target: {fileID: 6472018432318644461, guid: c2afafd7b906b6a47b55fc6510afec59,
        type: 3}
      propertyPath: m_LocalPosition.y
      value: 0
      objectReference: {fileID: 0}
    - target: {fileID: 6472018432318644461, guid: c2afafd7b906b6a47b55fc6510afec59,
        type: 3}
      propertyPath: m_LocalPosition.z
      value: 0.5
      objectReference: {fileID: 0}
    - target: {fileID: 6472018432318644461, guid: c2afafd7b906b6a47b55fc6510afec59,
        type: 3}
      propertyPath: m_LocalRotation.x
      value: 0
      objectReference: {fileID: 0}
    - target: {fileID: 6472018432318644461, guid: c2afafd7b906b6a47b55fc6510afec59,
        type: 3}
      propertyPath: m_LocalRotation.y
      value: 0
      objectReference: {fileID: 0}
    - target: {fileID: 6472018432318644461, guid: c2afafd7b906b6a47b55fc6510afec59,
        type: 3}
      propertyPath: m_LocalRotation.z
      value: 0
      objectReference: {fileID: 0}
    - target: {fileID: 6472018432318644461, guid: c2afafd7b906b6a47b55fc6510afec59,
        type: 3}
      propertyPath: m_LocalRotation.w
      value: 1
      objectReference: {fileID: 0}
    - target: {fileID: 6472018432318644461, guid: c2afafd7b906b6a47b55fc6510afec59,
        type: 3}
      propertyPath: m_RootOrder
      value: 21
      objectReference: {fileID: 0}
    - target: {fileID: 6472018432318644461, guid: c2afafd7b906b6a47b55fc6510afec59,
        type: 3}
      propertyPath: m_LocalEulerAnglesHint.x
      value: 0
      objectReference: {fileID: 0}
    - target: {fileID: 6472018432318644461, guid: c2afafd7b906b6a47b55fc6510afec59,
        type: 3}
      propertyPath: m_LocalEulerAnglesHint.y
      value: 0
      objectReference: {fileID: 0}
    - target: {fileID: 6472018432318644461, guid: c2afafd7b906b6a47b55fc6510afec59,
        type: 3}
      propertyPath: m_LocalEulerAnglesHint.z
      value: 0
      objectReference: {fileID: 0}
    m_RemovedComponents: []
  m_SourcePrefab: {fileID: 100100000, guid: c2afafd7b906b6a47b55fc6510afec59, type: 3}
--- !u!4 &4869985372410308374 stripped
Transform:
  m_CorrespondingSourceObject: {fileID: 6472018432318644461, guid: c2afafd7b906b6a47b55fc6510afec59,
    type: 3}
  m_PrefabInstance: {fileID: 1892800048102590459}
  m_PrefabAsset: {fileID: 0}
--- !u!1001 &2030925368658171776
PrefabInstance:
  m_ObjectHideFlags: 0
  serializedVersion: 2
  m_Modification:
    m_TransformParent: {fileID: 4052585667815201789}
    m_Modifications:
    - target: {fileID: 6740386365141179517, guid: c2afafd7b906b6a47b55fc6510afec59,
        type: 3}
      propertyPath: m_Name
      value: Dot_L28
      objectReference: {fileID: 0}
    - target: {fileID: 6472018432318644461, guid: c2afafd7b906b6a47b55fc6510afec59,
        type: 3}
      propertyPath: m_LocalPosition.x
      value: 0.5
      objectReference: {fileID: 0}
    - target: {fileID: 6472018432318644461, guid: c2afafd7b906b6a47b55fc6510afec59,
        type: 3}
      propertyPath: m_LocalPosition.y
      value: 0
      objectReference: {fileID: 0}
    - target: {fileID: 6472018432318644461, guid: c2afafd7b906b6a47b55fc6510afec59,
        type: 3}
      propertyPath: m_LocalPosition.z
      value: 0.5
      objectReference: {fileID: 0}
    - target: {fileID: 6472018432318644461, guid: c2afafd7b906b6a47b55fc6510afec59,
        type: 3}
      propertyPath: m_LocalRotation.x
      value: 0
      objectReference: {fileID: 0}
    - target: {fileID: 6472018432318644461, guid: c2afafd7b906b6a47b55fc6510afec59,
        type: 3}
      propertyPath: m_LocalRotation.y
      value: 0
      objectReference: {fileID: 0}
    - target: {fileID: 6472018432318644461, guid: c2afafd7b906b6a47b55fc6510afec59,
        type: 3}
      propertyPath: m_LocalRotation.z
      value: 0
      objectReference: {fileID: 0}
    - target: {fileID: 6472018432318644461, guid: c2afafd7b906b6a47b55fc6510afec59,
        type: 3}
      propertyPath: m_LocalRotation.w
      value: 1
      objectReference: {fileID: 0}
    - target: {fileID: 6472018432318644461, guid: c2afafd7b906b6a47b55fc6510afec59,
        type: 3}
      propertyPath: m_RootOrder
      value: 18
      objectReference: {fileID: 0}
    - target: {fileID: 6472018432318644461, guid: c2afafd7b906b6a47b55fc6510afec59,
        type: 3}
      propertyPath: m_LocalEulerAnglesHint.x
      value: 0
      objectReference: {fileID: 0}
    - target: {fileID: 6472018432318644461, guid: c2afafd7b906b6a47b55fc6510afec59,
        type: 3}
      propertyPath: m_LocalEulerAnglesHint.y
      value: 0
      objectReference: {fileID: 0}
    - target: {fileID: 6472018432318644461, guid: c2afafd7b906b6a47b55fc6510afec59,
        type: 3}
      propertyPath: m_LocalEulerAnglesHint.z
      value: 0
      objectReference: {fileID: 0}
    m_RemovedComponents: []
  m_SourcePrefab: {fileID: 100100000, guid: c2afafd7b906b6a47b55fc6510afec59, type: 3}
--- !u!4 &5043593588769896301 stripped
Transform:
  m_CorrespondingSourceObject: {fileID: 6472018432318644461, guid: c2afafd7b906b6a47b55fc6510afec59,
    type: 3}
  m_PrefabInstance: {fileID: 2030925368658171776}
  m_PrefabAsset: {fileID: 0}
--- !u!1001 &2334316170447017676
PrefabInstance:
  m_ObjectHideFlags: 0
  serializedVersion: 2
  m_Modification:
    m_TransformParent: {fileID: 4052585667815201789}
    m_Modifications:
    - target: {fileID: 6740386365141179517, guid: c2afafd7b906b6a47b55fc6510afec59,
        type: 3}
      propertyPath: m_Name
      value: Dot_L04
      objectReference: {fileID: 0}
    - target: {fileID: 6472018432318644461, guid: c2afafd7b906b6a47b55fc6510afec59,
        type: 3}
      propertyPath: m_LocalPosition.x
      value: -2.5
      objectReference: {fileID: 0}
    - target: {fileID: 6472018432318644461, guid: c2afafd7b906b6a47b55fc6510afec59,
        type: 3}
      propertyPath: m_LocalPosition.y
      value: 0
      objectReference: {fileID: 0}
    - target: {fileID: 6472018432318644461, guid: c2afafd7b906b6a47b55fc6510afec59,
        type: 3}
      propertyPath: m_LocalPosition.z
      value: 0.5
      objectReference: {fileID: 0}
    - target: {fileID: 6472018432318644461, guid: c2afafd7b906b6a47b55fc6510afec59,
        type: 3}
      propertyPath: m_LocalRotation.x
      value: 0
      objectReference: {fileID: 0}
    - target: {fileID: 6472018432318644461, guid: c2afafd7b906b6a47b55fc6510afec59,
        type: 3}
      propertyPath: m_LocalRotation.y
      value: 0
      objectReference: {fileID: 0}
    - target: {fileID: 6472018432318644461, guid: c2afafd7b906b6a47b55fc6510afec59,
        type: 3}
      propertyPath: m_LocalRotation.z
      value: 0
      objectReference: {fileID: 0}
    - target: {fileID: 6472018432318644461, guid: c2afafd7b906b6a47b55fc6510afec59,
        type: 3}
      propertyPath: m_LocalRotation.w
      value: 1
      objectReference: {fileID: 0}
    - target: {fileID: 6472018432318644461, guid: c2afafd7b906b6a47b55fc6510afec59,
        type: 3}
      propertyPath: m_RootOrder
      value: 2
      objectReference: {fileID: 0}
    - target: {fileID: 6472018432318644461, guid: c2afafd7b906b6a47b55fc6510afec59,
        type: 3}
      propertyPath: m_LocalEulerAnglesHint.x
      value: 0
      objectReference: {fileID: 0}
    - target: {fileID: 6472018432318644461, guid: c2afafd7b906b6a47b55fc6510afec59,
        type: 3}
      propertyPath: m_LocalEulerAnglesHint.y
      value: 0
      objectReference: {fileID: 0}
    - target: {fileID: 6472018432318644461, guid: c2afafd7b906b6a47b55fc6510afec59,
        type: 3}
      propertyPath: m_LocalEulerAnglesHint.z
      value: 0
      objectReference: {fileID: 0}
    m_RemovedComponents: []
  m_SourcePrefab: {fileID: 100100000, guid: c2afafd7b906b6a47b55fc6510afec59, type: 3}
--- !u!4 &8769654479723427361 stripped
Transform:
  m_CorrespondingSourceObject: {fileID: 6472018432318644461, guid: c2afafd7b906b6a47b55fc6510afec59,
    type: 3}
  m_PrefabInstance: {fileID: 2334316170447017676}
  m_PrefabAsset: {fileID: 0}
--- !u!1001 &2793649075137532666
PrefabInstance:
  m_ObjectHideFlags: 0
  serializedVersion: 2
  m_Modification:
    m_TransformParent: {fileID: 4052585667815201789}
    m_Modifications:
    - target: {fileID: 6740386365141179517, guid: c2afafd7b906b6a47b55fc6510afec59,
        type: 3}
      propertyPath: m_Name
      value: Dot_L13
      objectReference: {fileID: 0}
    - target: {fileID: 6472018432318644461, guid: c2afafd7b906b6a47b55fc6510afec59,
        type: 3}
      propertyPath: m_LocalPosition.x
      value: -1.5
      objectReference: {fileID: 0}
    - target: {fileID: 6472018432318644461, guid: c2afafd7b906b6a47b55fc6510afec59,
        type: 3}
      propertyPath: m_LocalPosition.y
      value: 0
      objectReference: {fileID: 0}
    - target: {fileID: 6472018432318644461, guid: c2afafd7b906b6a47b55fc6510afec59,
        type: 3}
      propertyPath: m_LocalPosition.z
      value: -0.5
      objectReference: {fileID: 0}
    - target: {fileID: 6472018432318644461, guid: c2afafd7b906b6a47b55fc6510afec59,
        type: 3}
      propertyPath: m_LocalRotation.x
      value: 0
      objectReference: {fileID: 0}
    - target: {fileID: 6472018432318644461, guid: c2afafd7b906b6a47b55fc6510afec59,
        type: 3}
      propertyPath: m_LocalRotation.y
      value: 0
      objectReference: {fileID: 0}
    - target: {fileID: 6472018432318644461, guid: c2afafd7b906b6a47b55fc6510afec59,
        type: 3}
      propertyPath: m_LocalRotation.z
      value: 0
      objectReference: {fileID: 0}
    - target: {fileID: 6472018432318644461, guid: c2afafd7b906b6a47b55fc6510afec59,
        type: 3}
      propertyPath: m_LocalRotation.w
      value: 1
      objectReference: {fileID: 0}
    - target: {fileID: 6472018432318644461, guid: c2afafd7b906b6a47b55fc6510afec59,
        type: 3}
      propertyPath: m_RootOrder
      value: 10
      objectReference: {fileID: 0}
    - target: {fileID: 6472018432318644461, guid: c2afafd7b906b6a47b55fc6510afec59,
        type: 3}
      propertyPath: m_LocalEulerAnglesHint.x
      value: 0
      objectReference: {fileID: 0}
    - target: {fileID: 6472018432318644461, guid: c2afafd7b906b6a47b55fc6510afec59,
        type: 3}
      propertyPath: m_LocalEulerAnglesHint.y
      value: 0
      objectReference: {fileID: 0}
    - target: {fileID: 6472018432318644461, guid: c2afafd7b906b6a47b55fc6510afec59,
        type: 3}
      propertyPath: m_LocalEulerAnglesHint.z
      value: 0
      objectReference: {fileID: 0}
    m_RemovedComponents: []
  m_SourcePrefab: {fileID: 100100000, guid: c2afafd7b906b6a47b55fc6510afec59, type: 3}
--- !u!4 &9157000503187075607 stripped
Transform:
  m_CorrespondingSourceObject: {fileID: 6472018432318644461, guid: c2afafd7b906b6a47b55fc6510afec59,
    type: 3}
  m_PrefabInstance: {fileID: 2793649075137532666}
  m_PrefabAsset: {fileID: 0}
--- !u!1001 &3312211381156720457
PrefabInstance:
  m_ObjectHideFlags: 0
  serializedVersion: 2
  m_Modification:
    m_TransformParent: {fileID: 4052585667815201789}
    m_Modifications:
    - target: {fileID: 6740386365141179517, guid: c2afafd7b906b6a47b55fc6510afec59,
        type: 3}
      propertyPath: m_Name
      value: Dot_L40
      objectReference: {fileID: 0}
    - target: {fileID: 6472018432318644461, guid: c2afafd7b906b6a47b55fc6510afec59,
        type: 3}
      propertyPath: m_LocalPosition.x
      value: 1.5
      objectReference: {fileID: 0}
    - target: {fileID: 6472018432318644461, guid: c2afafd7b906b6a47b55fc6510afec59,
        type: 3}
      propertyPath: m_LocalPosition.y
      value: 0
      objectReference: {fileID: 0}
    - target: {fileID: 6472018432318644461, guid: c2afafd7b906b6a47b55fc6510afec59,
        type: 3}
      propertyPath: m_LocalPosition.z
      value: -3.5
      objectReference: {fileID: 0}
    - target: {fileID: 6472018432318644461, guid: c2afafd7b906b6a47b55fc6510afec59,
        type: 3}
      propertyPath: m_LocalRotation.x
      value: 0
      objectReference: {fileID: 0}
    - target: {fileID: 6472018432318644461, guid: c2afafd7b906b6a47b55fc6510afec59,
        type: 3}
      propertyPath: m_LocalRotation.y
      value: 0
      objectReference: {fileID: 0}
    - target: {fileID: 6472018432318644461, guid: c2afafd7b906b6a47b55fc6510afec59,
        type: 3}
      propertyPath: m_LocalRotation.z
      value: 0
      objectReference: {fileID: 0}
    - target: {fileID: 6472018432318644461, guid: c2afafd7b906b6a47b55fc6510afec59,
        type: 3}
      propertyPath: m_LocalRotation.w
      value: 1
      objectReference: {fileID: 0}
    - target: {fileID: 6472018432318644461, guid: c2afafd7b906b6a47b55fc6510afec59,
        type: 3}
      propertyPath: m_RootOrder
      value: 25
      objectReference: {fileID: 0}
    - target: {fileID: 6472018432318644461, guid: c2afafd7b906b6a47b55fc6510afec59,
        type: 3}
      propertyPath: m_LocalEulerAnglesHint.x
      value: 0
      objectReference: {fileID: 0}
    - target: {fileID: 6472018432318644461, guid: c2afafd7b906b6a47b55fc6510afec59,
        type: 3}
      propertyPath: m_LocalEulerAnglesHint.y
      value: 0
      objectReference: {fileID: 0}
    - target: {fileID: 6472018432318644461, guid: c2afafd7b906b6a47b55fc6510afec59,
        type: 3}
      propertyPath: m_LocalEulerAnglesHint.z
      value: 0
      objectReference: {fileID: 0}
    m_RemovedComponents: []
  m_SourcePrefab: {fileID: 100100000, guid: c2afafd7b906b6a47b55fc6510afec59, type: 3}
--- !u!4 &8369496574987341732 stripped
Transform:
  m_CorrespondingSourceObject: {fileID: 6472018432318644461, guid: c2afafd7b906b6a47b55fc6510afec59,
    type: 3}
  m_PrefabInstance: {fileID: 3312211381156720457}
  m_PrefabAsset: {fileID: 0}
--- !u!1001 &3564773277457277552
PrefabInstance:
  m_ObjectHideFlags: 0
  serializedVersion: 2
  m_Modification:
    m_TransformParent: {fileID: 4052585667815201789}
    m_Modifications:
    - target: {fileID: 6740386365141179517, guid: c2afafd7b906b6a47b55fc6510afec59,
        type: 3}
      propertyPath: m_Name
      value: Dot_L12
      objectReference: {fileID: 0}
    - target: {fileID: 6472018432318644461, guid: c2afafd7b906b6a47b55fc6510afec59,
        type: 3}
      propertyPath: m_LocalPosition.x
      value: -1.5
      objectReference: {fileID: 0}
    - target: {fileID: 6472018432318644461, guid: c2afafd7b906b6a47b55fc6510afec59,
        type: 3}
      propertyPath: m_LocalPosition.y
      value: 0
      objectReference: {fileID: 0}
    - target: {fileID: 6472018432318644461, guid: c2afafd7b906b6a47b55fc6510afec59,
        type: 3}
      propertyPath: m_LocalPosition.z
      value: 0.5
      objectReference: {fileID: 0}
    - target: {fileID: 6472018432318644461, guid: c2afafd7b906b6a47b55fc6510afec59,
        type: 3}
      propertyPath: m_LocalRotation.x
      value: 0
      objectReference: {fileID: 0}
    - target: {fileID: 6472018432318644461, guid: c2afafd7b906b6a47b55fc6510afec59,
        type: 3}
      propertyPath: m_LocalRotation.y
      value: 0
      objectReference: {fileID: 0}
    - target: {fileID: 6472018432318644461, guid: c2afafd7b906b6a47b55fc6510afec59,
        type: 3}
      propertyPath: m_LocalRotation.z
      value: 0
      objectReference: {fileID: 0}
    - target: {fileID: 6472018432318644461, guid: c2afafd7b906b6a47b55fc6510afec59,
        type: 3}
      propertyPath: m_LocalRotation.w
      value: 1
      objectReference: {fileID: 0}
    - target: {fileID: 6472018432318644461, guid: c2afafd7b906b6a47b55fc6510afec59,
        type: 3}
      propertyPath: m_RootOrder
      value: 9
      objectReference: {fileID: 0}
    - target: {fileID: 6472018432318644461, guid: c2afafd7b906b6a47b55fc6510afec59,
        type: 3}
      propertyPath: m_LocalEulerAnglesHint.x
      value: 0
      objectReference: {fileID: 0}
    - target: {fileID: 6472018432318644461, guid: c2afafd7b906b6a47b55fc6510afec59,
        type: 3}
      propertyPath: m_LocalEulerAnglesHint.y
      value: 0
      objectReference: {fileID: 0}
    - target: {fileID: 6472018432318644461, guid: c2afafd7b906b6a47b55fc6510afec59,
        type: 3}
      propertyPath: m_LocalEulerAnglesHint.z
      value: 0
      objectReference: {fileID: 0}
    m_RemovedComponents: []
  m_SourcePrefab: {fileID: 100100000, guid: c2afafd7b906b6a47b55fc6510afec59, type: 3}
--- !u!4 &7541739448183505565 stripped
Transform:
  m_CorrespondingSourceObject: {fileID: 6472018432318644461, guid: c2afafd7b906b6a47b55fc6510afec59,
    type: 3}
  m_PrefabInstance: {fileID: 3564773277457277552}
  m_PrefabAsset: {fileID: 0}
--- !u!1001 &4293848949041989986
PrefabInstance:
  m_ObjectHideFlags: 0
  serializedVersion: 2
  m_Modification:
    m_TransformParent: {fileID: 4052585667815201789}
    m_Modifications:
    - target: {fileID: 6740386365141179517, guid: c2afafd7b906b6a47b55fc6510afec59,
        type: 3}
      propertyPath: m_Name
      value: Dot_L37
      objectReference: {fileID: 0}
    - target: {fileID: 6472018432318644461, guid: c2afafd7b906b6a47b55fc6510afec59,
        type: 3}
      propertyPath: m_LocalPosition.x
      value: 1.5
      objectReference: {fileID: 0}
    - target: {fileID: 6472018432318644461, guid: c2afafd7b906b6a47b55fc6510afec59,
        type: 3}
      propertyPath: m_LocalPosition.y
      value: 0
      objectReference: {fileID: 0}
    - target: {fileID: 6472018432318644461, guid: c2afafd7b906b6a47b55fc6510afec59,
        type: 3}
      propertyPath: m_LocalPosition.z
      value: -0.5
      objectReference: {fileID: 0}
    - target: {fileID: 6472018432318644461, guid: c2afafd7b906b6a47b55fc6510afec59,
        type: 3}
      propertyPath: m_LocalRotation.x
      value: 0
      objectReference: {fileID: 0}
    - target: {fileID: 6472018432318644461, guid: c2afafd7b906b6a47b55fc6510afec59,
        type: 3}
      propertyPath: m_LocalRotation.y
      value: 0
      objectReference: {fileID: 0}
    - target: {fileID: 6472018432318644461, guid: c2afafd7b906b6a47b55fc6510afec59,
        type: 3}
      propertyPath: m_LocalRotation.z
      value: 0
      objectReference: {fileID: 0}
    - target: {fileID: 6472018432318644461, guid: c2afafd7b906b6a47b55fc6510afec59,
        type: 3}
      propertyPath: m_LocalRotation.w
      value: 1
      objectReference: {fileID: 0}
    - target: {fileID: 6472018432318644461, guid: c2afafd7b906b6a47b55fc6510afec59,
        type: 3}
      propertyPath: m_RootOrder
      value: 22
      objectReference: {fileID: 0}
    - target: {fileID: 6472018432318644461, guid: c2afafd7b906b6a47b55fc6510afec59,
        type: 3}
      propertyPath: m_LocalEulerAnglesHint.x
      value: 0
      objectReference: {fileID: 0}
    - target: {fileID: 6472018432318644461, guid: c2afafd7b906b6a47b55fc6510afec59,
        type: 3}
      propertyPath: m_LocalEulerAnglesHint.y
      value: 0
      objectReference: {fileID: 0}
    - target: {fileID: 6472018432318644461, guid: c2afafd7b906b6a47b55fc6510afec59,
        type: 3}
      propertyPath: m_LocalEulerAnglesHint.z
      value: 0
      objectReference: {fileID: 0}
    m_RemovedComponents: []
  m_SourcePrefab: {fileID: 100100000, guid: c2afafd7b906b6a47b55fc6510afec59, type: 3}
--- !u!4 &7081886945683909007 stripped
Transform:
  m_CorrespondingSourceObject: {fileID: 6472018432318644461, guid: c2afafd7b906b6a47b55fc6510afec59,
    type: 3}
  m_PrefabInstance: {fileID: 4293848949041989986}
  m_PrefabAsset: {fileID: 0}
--- !u!1001 &5549367791097092800
PrefabInstance:
  m_ObjectHideFlags: 0
  serializedVersion: 2
  m_Modification:
    m_TransformParent: {fileID: 4052585667815201789}
    m_Modifications:
    - target: {fileID: 6740386365141179517, guid: c2afafd7b906b6a47b55fc6510afec59,
        type: 3}
      propertyPath: m_Name
      value: Dot_L07
      objectReference: {fileID: 0}
    - target: {fileID: 6472018432318644461, guid: c2afafd7b906b6a47b55fc6510afec59,
        type: 3}
      propertyPath: m_LocalPosition.x
      value: -2.5
      objectReference: {fileID: 0}
    - target: {fileID: 6472018432318644461, guid: c2afafd7b906b6a47b55fc6510afec59,
        type: 3}
      propertyPath: m_LocalPosition.y
      value: 0
      objectReference: {fileID: 0}
    - target: {fileID: 6472018432318644461, guid: c2afafd7b906b6a47b55fc6510afec59,
        type: 3}
      propertyPath: m_LocalPosition.z
      value: -2.5
      objectReference: {fileID: 0}
    - target: {fileID: 6472018432318644461, guid: c2afafd7b906b6a47b55fc6510afec59,
        type: 3}
      propertyPath: m_LocalRotation.x
      value: 0
      objectReference: {fileID: 0}
    - target: {fileID: 6472018432318644461, guid: c2afafd7b906b6a47b55fc6510afec59,
        type: 3}
      propertyPath: m_LocalRotation.y
      value: 0
      objectReference: {fileID: 0}
    - target: {fileID: 6472018432318644461, guid: c2afafd7b906b6a47b55fc6510afec59,
        type: 3}
      propertyPath: m_LocalRotation.z
      value: 0
      objectReference: {fileID: 0}
    - target: {fileID: 6472018432318644461, guid: c2afafd7b906b6a47b55fc6510afec59,
        type: 3}
      propertyPath: m_LocalRotation.w
      value: 1
      objectReference: {fileID: 0}
    - target: {fileID: 6472018432318644461, guid: c2afafd7b906b6a47b55fc6510afec59,
        type: 3}
      propertyPath: m_RootOrder
      value: 5
      objectReference: {fileID: 0}
    - target: {fileID: 6472018432318644461, guid: c2afafd7b906b6a47b55fc6510afec59,
        type: 3}
      propertyPath: m_LocalEulerAnglesHint.x
      value: 0
      objectReference: {fileID: 0}
    - target: {fileID: 6472018432318644461, guid: c2afafd7b906b6a47b55fc6510afec59,
        type: 3}
      propertyPath: m_LocalEulerAnglesHint.y
      value: 0
      objectReference: {fileID: 0}
    - target: {fileID: 6472018432318644461, guid: c2afafd7b906b6a47b55fc6510afec59,
        type: 3}
      propertyPath: m_LocalEulerAnglesHint.z
      value: 0
      objectReference: {fileID: 0}
    m_RemovedComponents: []
  m_SourcePrefab: {fileID: 100100000, guid: c2afafd7b906b6a47b55fc6510afec59, type: 3}
--- !u!4 &1500379153259837997 stripped
Transform:
  m_CorrespondingSourceObject: {fileID: 6472018432318644461, guid: c2afafd7b906b6a47b55fc6510afec59,
    type: 3}
  m_PrefabInstance: {fileID: 5549367791097092800}
  m_PrefabAsset: {fileID: 0}
--- !u!1001 &5862590742788197000
PrefabInstance:
  m_ObjectHideFlags: 0
  serializedVersion: 2
  m_Modification:
    m_TransformParent: {fileID: 4052585667815201789}
    m_Modifications:
    - target: {fileID: 6740386365141179517, guid: c2afafd7b906b6a47b55fc6510afec59,
        type: 3}
      propertyPath: m_Name
      value: Dot_L15
      objectReference: {fileID: 0}
    - target: {fileID: 6472018432318644461, guid: c2afafd7b906b6a47b55fc6510afec59,
        type: 3}
      propertyPath: m_LocalPosition.x
      value: -1.5
      objectReference: {fileID: 0}
    - target: {fileID: 6472018432318644461, guid: c2afafd7b906b6a47b55fc6510afec59,
        type: 3}
      propertyPath: m_LocalPosition.y
      value: 0
      objectReference: {fileID: 0}
    - target: {fileID: 6472018432318644461, guid: c2afafd7b906b6a47b55fc6510afec59,
        type: 3}
      propertyPath: m_LocalPosition.z
      value: -2.5
      objectReference: {fileID: 0}
    - target: {fileID: 6472018432318644461, guid: c2afafd7b906b6a47b55fc6510afec59,
        type: 3}
      propertyPath: m_LocalRotation.x
      value: 0
      objectReference: {fileID: 0}
    - target: {fileID: 6472018432318644461, guid: c2afafd7b906b6a47b55fc6510afec59,
        type: 3}
      propertyPath: m_LocalRotation.y
      value: 0
      objectReference: {fileID: 0}
    - target: {fileID: 6472018432318644461, guid: c2afafd7b906b6a47b55fc6510afec59,
        type: 3}
      propertyPath: m_LocalRotation.z
      value: 0
      objectReference: {fileID: 0}
    - target: {fileID: 6472018432318644461, guid: c2afafd7b906b6a47b55fc6510afec59,
        type: 3}
      propertyPath: m_LocalRotation.w
      value: 1
      objectReference: {fileID: 0}
    - target: {fileID: 6472018432318644461, guid: c2afafd7b906b6a47b55fc6510afec59,
        type: 3}
      propertyPath: m_RootOrder
      value: 12
      objectReference: {fileID: 0}
    - target: {fileID: 6472018432318644461, guid: c2afafd7b906b6a47b55fc6510afec59,
        type: 3}
      propertyPath: m_LocalEulerAnglesHint.x
      value: 0
      objectReference: {fileID: 0}
    - target: {fileID: 6472018432318644461, guid: c2afafd7b906b6a47b55fc6510afec59,
        type: 3}
      propertyPath: m_LocalEulerAnglesHint.y
      value: 0
      objectReference: {fileID: 0}
    - target: {fileID: 6472018432318644461, guid: c2afafd7b906b6a47b55fc6510afec59,
        type: 3}
      propertyPath: m_LocalEulerAnglesHint.z
      value: 0
      objectReference: {fileID: 0}
    m_RemovedComponents: []
  m_SourcePrefab: {fileID: 100100000, guid: c2afafd7b906b6a47b55fc6510afec59, type: 3}
--- !u!4 &616185288305175141 stripped
Transform:
  m_CorrespondingSourceObject: {fileID: 6472018432318644461, guid: c2afafd7b906b6a47b55fc6510afec59,
    type: 3}
  m_PrefabInstance: {fileID: 5862590742788197000}
  m_PrefabAsset: {fileID: 0}
--- !u!1001 &6496710549642045909
PrefabInstance:
  m_ObjectHideFlags: 0
  serializedVersion: 2
  m_Modification:
    m_TransformParent: {fileID: 4052585667815201789}
    m_Modifications:
    - target: {fileID: 6740386365141179517, guid: c2afafd7b906b6a47b55fc6510afec59,
        type: 3}
      propertyPath: m_Name
      value: Dot_L39
      objectReference: {fileID: 0}
    - target: {fileID: 6472018432318644461, guid: c2afafd7b906b6a47b55fc6510afec59,
        type: 3}
      propertyPath: m_LocalPosition.x
      value: 1.5
      objectReference: {fileID: 0}
    - target: {fileID: 6472018432318644461, guid: c2afafd7b906b6a47b55fc6510afec59,
        type: 3}
      propertyPath: m_LocalPosition.y
      value: 0
      objectReference: {fileID: 0}
    - target: {fileID: 6472018432318644461, guid: c2afafd7b906b6a47b55fc6510afec59,
        type: 3}
      propertyPath: m_LocalPosition.z
      value: -2.5
      objectReference: {fileID: 0}
    - target: {fileID: 6472018432318644461, guid: c2afafd7b906b6a47b55fc6510afec59,
        type: 3}
      propertyPath: m_LocalRotation.x
      value: 0
      objectReference: {fileID: 0}
    - target: {fileID: 6472018432318644461, guid: c2afafd7b906b6a47b55fc6510afec59,
        type: 3}
      propertyPath: m_LocalRotation.y
      value: 0
      objectReference: {fileID: 0}
    - target: {fileID: 6472018432318644461, guid: c2afafd7b906b6a47b55fc6510afec59,
        type: 3}
      propertyPath: m_LocalRotation.z
      value: 0
      objectReference: {fileID: 0}
    - target: {fileID: 6472018432318644461, guid: c2afafd7b906b6a47b55fc6510afec59,
        type: 3}
      propertyPath: m_LocalRotation.w
      value: 1
      objectReference: {fileID: 0}
    - target: {fileID: 6472018432318644461, guid: c2afafd7b906b6a47b55fc6510afec59,
        type: 3}
      propertyPath: m_RootOrder
      value: 24
      objectReference: {fileID: 0}
    - target: {fileID: 6472018432318644461, guid: c2afafd7b906b6a47b55fc6510afec59,
        type: 3}
      propertyPath: m_LocalEulerAnglesHint.x
      value: 0
      objectReference: {fileID: 0}
    - target: {fileID: 6472018432318644461, guid: c2afafd7b906b6a47b55fc6510afec59,
        type: 3}
      propertyPath: m_LocalEulerAnglesHint.y
      value: 0
      objectReference: {fileID: 0}
    - target: {fileID: 6472018432318644461, guid: c2afafd7b906b6a47b55fc6510afec59,
        type: 3}
      propertyPath: m_LocalEulerAnglesHint.z
      value: 0
      objectReference: {fileID: 0}
    m_RemovedComponents: []
  m_SourcePrefab: {fileID: 100100000, guid: c2afafd7b906b6a47b55fc6510afec59, type: 3}
--- !u!4 &286481790574545208 stripped
Transform:
  m_CorrespondingSourceObject: {fileID: 6472018432318644461, guid: c2afafd7b906b6a47b55fc6510afec59,
    type: 3}
  m_PrefabInstance: {fileID: 6496710549642045909}
  m_PrefabAsset: {fileID: 0}
--- !u!1001 &6590443994957994370
PrefabInstance:
  m_ObjectHideFlags: 0
  serializedVersion: 2
  m_Modification:
    m_TransformParent: {fileID: 4052585667815201789}
    m_Modifications:
    - target: {fileID: 6740386365141179517, guid: c2afafd7b906b6a47b55fc6510afec59,
        type: 3}
      propertyPath: m_Name
      value: Dot_L11
      objectReference: {fileID: 0}
    - target: {fileID: 6472018432318644461, guid: c2afafd7b906b6a47b55fc6510afec59,
        type: 3}
      propertyPath: m_LocalPosition.x
      value: -1.5
      objectReference: {fileID: 0}
    - target: {fileID: 6472018432318644461, guid: c2afafd7b906b6a47b55fc6510afec59,
        type: 3}
      propertyPath: m_LocalPosition.y
      value: 0
      objectReference: {fileID: 0}
    - target: {fileID: 6472018432318644461, guid: c2afafd7b906b6a47b55fc6510afec59,
        type: 3}
      propertyPath: m_LocalPosition.z
      value: 1.5
      objectReference: {fileID: 0}
    - target: {fileID: 6472018432318644461, guid: c2afafd7b906b6a47b55fc6510afec59,
        type: 3}
      propertyPath: m_LocalRotation.x
      value: 0
      objectReference: {fileID: 0}
    - target: {fileID: 6472018432318644461, guid: c2afafd7b906b6a47b55fc6510afec59,
        type: 3}
      propertyPath: m_LocalRotation.y
      value: 0
      objectReference: {fileID: 0}
    - target: {fileID: 6472018432318644461, guid: c2afafd7b906b6a47b55fc6510afec59,
        type: 3}
      propertyPath: m_LocalRotation.z
      value: 0
      objectReference: {fileID: 0}
    - target: {fileID: 6472018432318644461, guid: c2afafd7b906b6a47b55fc6510afec59,
        type: 3}
      propertyPath: m_LocalRotation.w
      value: 1
      objectReference: {fileID: 0}
    - target: {fileID: 6472018432318644461, guid: c2afafd7b906b6a47b55fc6510afec59,
        type: 3}
      propertyPath: m_RootOrder
      value: 8
      objectReference: {fileID: 0}
    - target: {fileID: 6472018432318644461, guid: c2afafd7b906b6a47b55fc6510afec59,
        type: 3}
      propertyPath: m_LocalEulerAnglesHint.x
      value: 0
      objectReference: {fileID: 0}
    - target: {fileID: 6472018432318644461, guid: c2afafd7b906b6a47b55fc6510afec59,
        type: 3}
      propertyPath: m_LocalEulerAnglesHint.y
      value: 0
      objectReference: {fileID: 0}
    - target: {fileID: 6472018432318644461, guid: c2afafd7b906b6a47b55fc6510afec59,
        type: 3}
      propertyPath: m_LocalEulerAnglesHint.z
      value: 0
      objectReference: {fileID: 0}
    m_RemovedComponents: []
  m_SourcePrefab: {fileID: 100100000, guid: c2afafd7b906b6a47b55fc6510afec59, type: 3}
--- !u!4 &190505353609345391 stripped
Transform:
  m_CorrespondingSourceObject: {fileID: 6472018432318644461, guid: c2afafd7b906b6a47b55fc6510afec59,
    type: 3}
  m_PrefabInstance: {fileID: 6590443994957994370}
  m_PrefabAsset: {fileID: 0}
--- !u!1001 &6705320282789831480
PrefabInstance:
  m_ObjectHideFlags: 0
  serializedVersion: 2
  m_Modification:
    m_TransformParent: {fileID: 4052585667815201789}
    m_Modifications:
    - target: {fileID: 6740386365141179517, guid: c2afafd7b906b6a47b55fc6510afec59,
        type: 3}
      propertyPath: m_Name
      value: Dot_L38
      objectReference: {fileID: 0}
    - target: {fileID: 6472018432318644461, guid: c2afafd7b906b6a47b55fc6510afec59,
        type: 3}
      propertyPath: m_LocalPosition.x
      value: 1.5
      objectReference: {fileID: 0}
    - target: {fileID: 6472018432318644461, guid: c2afafd7b906b6a47b55fc6510afec59,
        type: 3}
      propertyPath: m_LocalPosition.y
      value: 0
      objectReference: {fileID: 0}
    - target: {fileID: 6472018432318644461, guid: c2afafd7b906b6a47b55fc6510afec59,
        type: 3}
      propertyPath: m_LocalPosition.z
      value: -1.5
      objectReference: {fileID: 0}
    - target: {fileID: 6472018432318644461, guid: c2afafd7b906b6a47b55fc6510afec59,
        type: 3}
      propertyPath: m_LocalRotation.x
      value: 0
      objectReference: {fileID: 0}
    - target: {fileID: 6472018432318644461, guid: c2afafd7b906b6a47b55fc6510afec59,
        type: 3}
      propertyPath: m_LocalRotation.y
      value: 0
      objectReference: {fileID: 0}
    - target: {fileID: 6472018432318644461, guid: c2afafd7b906b6a47b55fc6510afec59,
        type: 3}
      propertyPath: m_LocalRotation.z
      value: 0
      objectReference: {fileID: 0}
    - target: {fileID: 6472018432318644461, guid: c2afafd7b906b6a47b55fc6510afec59,
        type: 3}
      propertyPath: m_LocalRotation.w
      value: 1
      objectReference: {fileID: 0}
    - target: {fileID: 6472018432318644461, guid: c2afafd7b906b6a47b55fc6510afec59,
        type: 3}
      propertyPath: m_RootOrder
      value: 23
      objectReference: {fileID: 0}
    - target: {fileID: 6472018432318644461, guid: c2afafd7b906b6a47b55fc6510afec59,
        type: 3}
      propertyPath: m_LocalEulerAnglesHint.x
      value: 0
      objectReference: {fileID: 0}
    - target: {fileID: 6472018432318644461, guid: c2afafd7b906b6a47b55fc6510afec59,
        type: 3}
      propertyPath: m_LocalEulerAnglesHint.y
      value: 0
      objectReference: {fileID: 0}
    - target: {fileID: 6472018432318644461, guid: c2afafd7b906b6a47b55fc6510afec59,
        type: 3}
      propertyPath: m_LocalEulerAnglesHint.z
      value: 0
      objectReference: {fileID: 0}
    m_RemovedComponents: []
  m_SourcePrefab: {fileID: 100100000, guid: c2afafd7b906b6a47b55fc6510afec59, type: 3}
--- !u!4 &351051230950900693 stripped
Transform:
  m_CorrespondingSourceObject: {fileID: 6472018432318644461, guid: c2afafd7b906b6a47b55fc6510afec59,
    type: 3}
  m_PrefabInstance: {fileID: 6705320282789831480}
  m_PrefabAsset: {fileID: 0}
--- !u!1001 &7004137922390144741
PrefabInstance:
  m_ObjectHideFlags: 0
  serializedVersion: 2
  m_Modification:
    m_TransformParent: {fileID: 4052585667815201789}
    m_Modifications:
    - target: {fileID: 6740386365141179517, guid: c2afafd7b906b6a47b55fc6510afec59,
        type: 3}
      propertyPath: m_Name
      value: Dot_L25
      objectReference: {fileID: 0}
    - target: {fileID: 6472018432318644461, guid: c2afafd7b906b6a47b55fc6510afec59,
        type: 3}
      propertyPath: m_LocalPosition.x
      value: 0.5
      objectReference: {fileID: 0}
    - target: {fileID: 6472018432318644461, guid: c2afafd7b906b6a47b55fc6510afec59,
        type: 3}
      propertyPath: m_LocalPosition.y
      value: 0
      objectReference: {fileID: 0}
    - target: {fileID: 6472018432318644461, guid: c2afafd7b906b6a47b55fc6510afec59,
        type: 3}
      propertyPath: m_LocalPosition.z
      value: 3.5
      objectReference: {fileID: 0}
    - target: {fileID: 6472018432318644461, guid: c2afafd7b906b6a47b55fc6510afec59,
        type: 3}
      propertyPath: m_LocalRotation.x
      value: 0
      objectReference: {fileID: 0}
    - target: {fileID: 6472018432318644461, guid: c2afafd7b906b6a47b55fc6510afec59,
        type: 3}
      propertyPath: m_LocalRotation.y
      value: 0
      objectReference: {fileID: 0}
    - target: {fileID: 6472018432318644461, guid: c2afafd7b906b6a47b55fc6510afec59,
        type: 3}
      propertyPath: m_LocalRotation.z
      value: 0
      objectReference: {fileID: 0}
    - target: {fileID: 6472018432318644461, guid: c2afafd7b906b6a47b55fc6510afec59,
        type: 3}
      propertyPath: m_LocalRotation.w
      value: 1
      objectReference: {fileID: 0}
    - target: {fileID: 6472018432318644461, guid: c2afafd7b906b6a47b55fc6510afec59,
        type: 3}
      propertyPath: m_RootOrder
      value: 17
      objectReference: {fileID: 0}
    - target: {fileID: 6472018432318644461, guid: c2afafd7b906b6a47b55fc6510afec59,
        type: 3}
      propertyPath: m_LocalEulerAnglesHint.x
      value: 0
      objectReference: {fileID: 0}
    - target: {fileID: 6472018432318644461, guid: c2afafd7b906b6a47b55fc6510afec59,
        type: 3}
      propertyPath: m_LocalEulerAnglesHint.y
      value: 0
      objectReference: {fileID: 0}
    - target: {fileID: 6472018432318644461, guid: c2afafd7b906b6a47b55fc6510afec59,
        type: 3}
      propertyPath: m_LocalEulerAnglesHint.z
      value: 0
      objectReference: {fileID: 0}
    m_RemovedComponents: []
  m_SourcePrefab: {fileID: 100100000, guid: c2afafd7b906b6a47b55fc6510afec59, type: 3}
--- !u!4 &4098988341537150472 stripped
Transform:
  m_CorrespondingSourceObject: {fileID: 6472018432318644461, guid: c2afafd7b906b6a47b55fc6510afec59,
    type: 3}
  m_PrefabInstance: {fileID: 7004137922390144741}
  m_PrefabAsset: {fileID: 0}
--- !u!1001 &7327501789388024753
PrefabInstance:
  m_ObjectHideFlags: 0
  serializedVersion: 2
  m_Modification:
    m_TransformParent: {fileID: 4052585667815201789}
    m_Modifications:
    - target: {fileID: 6740386365141179517, guid: c2afafd7b906b6a47b55fc6510afec59,
        type: 3}
      propertyPath: m_Name
      value: Dot_L02
      objectReference: {fileID: 0}
    - target: {fileID: 6472018432318644461, guid: c2afafd7b906b6a47b55fc6510afec59,
        type: 3}
      propertyPath: m_LocalPosition.x
      value: -2.5
      objectReference: {fileID: 0}
    - target: {fileID: 6472018432318644461, guid: c2afafd7b906b6a47b55fc6510afec59,
        type: 3}
      propertyPath: m_LocalPosition.y
      value: 0
      objectReference: {fileID: 0}
    - target: {fileID: 6472018432318644461, guid: c2afafd7b906b6a47b55fc6510afec59,
        type: 3}
      propertyPath: m_LocalPosition.z
      value: 2.5
      objectReference: {fileID: 0}
    - target: {fileID: 6472018432318644461, guid: c2afafd7b906b6a47b55fc6510afec59,
        type: 3}
      propertyPath: m_LocalRotation.x
      value: 0
      objectReference: {fileID: 0}
    - target: {fileID: 6472018432318644461, guid: c2afafd7b906b6a47b55fc6510afec59,
        type: 3}
      propertyPath: m_LocalRotation.y
      value: 0
      objectReference: {fileID: 0}
    - target: {fileID: 6472018432318644461, guid: c2afafd7b906b6a47b55fc6510afec59,
        type: 3}
      propertyPath: m_LocalRotation.z
      value: 0
      objectReference: {fileID: 0}
    - target: {fileID: 6472018432318644461, guid: c2afafd7b906b6a47b55fc6510afec59,
        type: 3}
      propertyPath: m_LocalRotation.w
      value: 1
      objectReference: {fileID: 0}
    - target: {fileID: 6472018432318644461, guid: c2afafd7b906b6a47b55fc6510afec59,
        type: 3}
      propertyPath: m_RootOrder
      value: 0
      objectReference: {fileID: 0}
    - target: {fileID: 6472018432318644461, guid: c2afafd7b906b6a47b55fc6510afec59,
        type: 3}
      propertyPath: m_LocalEulerAnglesHint.x
      value: 0
      objectReference: {fileID: 0}
    - target: {fileID: 6472018432318644461, guid: c2afafd7b906b6a47b55fc6510afec59,
        type: 3}
      propertyPath: m_LocalEulerAnglesHint.y
      value: 0
      objectReference: {fileID: 0}
    - target: {fileID: 6472018432318644461, guid: c2afafd7b906b6a47b55fc6510afec59,
        type: 3}
      propertyPath: m_LocalEulerAnglesHint.z
      value: 0
      objectReference: {fileID: 0}
    m_RemovedComponents: []
  m_SourcePrefab: {fileID: 100100000, guid: c2afafd7b906b6a47b55fc6510afec59, type: 3}
--- !u!4 &4350968123287997276 stripped
Transform:
  m_CorrespondingSourceObject: {fileID: 6472018432318644461, guid: c2afafd7b906b6a47b55fc6510afec59,
    type: 3}
  m_PrefabInstance: {fileID: 7327501789388024753}
  m_PrefabAsset: {fileID: 0}
--- !u!1001 &7389927342089767030
PrefabInstance:
  m_ObjectHideFlags: 0
  serializedVersion: 2
  m_Modification:
    m_TransformParent: {fileID: 4052585667815201789}
    m_Modifications:
    - target: {fileID: 6740386365141179517, guid: c2afafd7b906b6a47b55fc6510afec59,
        type: 3}
      propertyPath: m_Name
      value: Dot_L33
      objectReference: {fileID: 0}
    - target: {fileID: 6472018432318644461, guid: c2afafd7b906b6a47b55fc6510afec59,
        type: 3}
      propertyPath: m_LocalPosition.x
      value: 1.5
      objectReference: {fileID: 0}
    - target: {fileID: 6472018432318644461, guid: c2afafd7b906b6a47b55fc6510afec59,
        type: 3}
      propertyPath: m_LocalPosition.y
      value: 0
      objectReference: {fileID: 0}
    - target: {fileID: 6472018432318644461, guid: c2afafd7b906b6a47b55fc6510afec59,
        type: 3}
      propertyPath: m_LocalPosition.z
      value: 3.5
      objectReference: {fileID: 0}
    - target: {fileID: 6472018432318644461, guid: c2afafd7b906b6a47b55fc6510afec59,
        type: 3}
      propertyPath: m_LocalRotation.x
      value: 0
      objectReference: {fileID: 0}
    - target: {fileID: 6472018432318644461, guid: c2afafd7b906b6a47b55fc6510afec59,
        type: 3}
      propertyPath: m_LocalRotation.y
      value: 0
      objectReference: {fileID: 0}
    - target: {fileID: 6472018432318644461, guid: c2afafd7b906b6a47b55fc6510afec59,
        type: 3}
      propertyPath: m_LocalRotation.z
      value: 0
      objectReference: {fileID: 0}
    - target: {fileID: 6472018432318644461, guid: c2afafd7b906b6a47b55fc6510afec59,
        type: 3}
      propertyPath: m_LocalRotation.w
      value: 1
      objectReference: {fileID: 0}
    - target: {fileID: 6472018432318644461, guid: c2afafd7b906b6a47b55fc6510afec59,
        type: 3}
      propertyPath: m_RootOrder
      value: 20
      objectReference: {fileID: 0}
    - target: {fileID: 6472018432318644461, guid: c2afafd7b906b6a47b55fc6510afec59,
        type: 3}
      propertyPath: m_LocalEulerAnglesHint.x
      value: 0
      objectReference: {fileID: 0}
    - target: {fileID: 6472018432318644461, guid: c2afafd7b906b6a47b55fc6510afec59,
        type: 3}
      propertyPath: m_LocalEulerAnglesHint.y
      value: 0
      objectReference: {fileID: 0}
    - target: {fileID: 6472018432318644461, guid: c2afafd7b906b6a47b55fc6510afec59,
        type: 3}
      propertyPath: m_LocalEulerAnglesHint.z
      value: 0
      objectReference: {fileID: 0}
    m_RemovedComponents: []
  m_SourcePrefab: {fileID: 100100000, guid: c2afafd7b906b6a47b55fc6510afec59, type: 3}
--- !u!4 &4566493594262120603 stripped
Transform:
  m_CorrespondingSourceObject: {fileID: 6472018432318644461, guid: c2afafd7b906b6a47b55fc6510afec59,
    type: 3}
  m_PrefabInstance: {fileID: 7389927342089767030}
  m_PrefabAsset: {fileID: 0}
--- !u!1001 &7780804547326630926
PrefabInstance:
  m_ObjectHideFlags: 0
  serializedVersion: 2
  m_Modification:
    m_TransformParent: {fileID: 4052585667815201789}
    m_Modifications:
    - target: {fileID: 6740386365141179517, guid: c2afafd7b906b6a47b55fc6510afec59,
        type: 3}
      propertyPath: m_Name
      value: Dot_L24
      objectReference: {fileID: 0}
    - target: {fileID: 6472018432318644461, guid: c2afafd7b906b6a47b55fc6510afec59,
        type: 3}
      propertyPath: m_LocalPosition.x
      value: -0.5
      objectReference: {fileID: 0}
    - target: {fileID: 6472018432318644461, guid: c2afafd7b906b6a47b55fc6510afec59,
        type: 3}
      propertyPath: m_LocalPosition.y
      value: 0
      objectReference: {fileID: 0}
    - target: {fileID: 6472018432318644461, guid: c2afafd7b906b6a47b55fc6510afec59,
        type: 3}
      propertyPath: m_LocalPosition.z
      value: -3.5
      objectReference: {fileID: 0}
    - target: {fileID: 6472018432318644461, guid: c2afafd7b906b6a47b55fc6510afec59,
        type: 3}
      propertyPath: m_LocalRotation.x
      value: 0
      objectReference: {fileID: 0}
    - target: {fileID: 6472018432318644461, guid: c2afafd7b906b6a47b55fc6510afec59,
        type: 3}
      propertyPath: m_LocalRotation.y
      value: 0
      objectReference: {fileID: 0}
    - target: {fileID: 6472018432318644461, guid: c2afafd7b906b6a47b55fc6510afec59,
        type: 3}
      propertyPath: m_LocalRotation.z
      value: 0
      objectReference: {fileID: 0}
    - target: {fileID: 6472018432318644461, guid: c2afafd7b906b6a47b55fc6510afec59,
        type: 3}
      propertyPath: m_LocalRotation.w
      value: 1
      objectReference: {fileID: 0}
    - target: {fileID: 6472018432318644461, guid: c2afafd7b906b6a47b55fc6510afec59,
        type: 3}
      propertyPath: m_RootOrder
      value: 16
      objectReference: {fileID: 0}
    - target: {fileID: 6472018432318644461, guid: c2afafd7b906b6a47b55fc6510afec59,
        type: 3}
      propertyPath: m_LocalEulerAnglesHint.x
      value: 0
      objectReference: {fileID: 0}
    - target: {fileID: 6472018432318644461, guid: c2afafd7b906b6a47b55fc6510afec59,
        type: 3}
      propertyPath: m_LocalEulerAnglesHint.y
      value: 0
      objectReference: {fileID: 0}
    - target: {fileID: 6472018432318644461, guid: c2afafd7b906b6a47b55fc6510afec59,
        type: 3}
      propertyPath: m_LocalEulerAnglesHint.z
      value: 0
      objectReference: {fileID: 0}
    m_RemovedComponents: []
  m_SourcePrefab: {fileID: 100100000, guid: c2afafd7b906b6a47b55fc6510afec59, type: 3}
--- !u!4 &3615197512140848355 stripped
Transform:
  m_CorrespondingSourceObject: {fileID: 6472018432318644461, guid: c2afafd7b906b6a47b55fc6510afec59,
    type: 3}
  m_PrefabInstance: {fileID: 7780804547326630926}
  m_PrefabAsset: {fileID: 0}
--- !u!1001 &7791214291900155449
PrefabInstance:
  m_ObjectHideFlags: 0
  serializedVersion: 2
  m_Modification:
    m_TransformParent: {fileID: 4052585667815201789}
    m_Modifications:
    - target: {fileID: 6740386365141179517, guid: c2afafd7b906b6a47b55fc6510afec59,
        type: 3}
      propertyPath: m_Name
      value: Dot_L47
      objectReference: {fileID: 0}
    - target: {fileID: 6472018432318644461, guid: c2afafd7b906b6a47b55fc6510afec59,
        type: 3}
      propertyPath: m_LocalPosition.x
      value: 2.5
      objectReference: {fileID: 0}
    - target: {fileID: 6472018432318644461, guid: c2afafd7b906b6a47b55fc6510afec59,
        type: 3}
      propertyPath: m_LocalPosition.y
      value: 0
      objectReference: {fileID: 0}
    - target: {fileID: 6472018432318644461, guid: c2afafd7b906b6a47b55fc6510afec59,
        type: 3}
      propertyPath: m_LocalPosition.z
      value: -2.5
      objectReference: {fileID: 0}
    - target: {fileID: 6472018432318644461, guid: c2afafd7b906b6a47b55fc6510afec59,
        type: 3}
      propertyPath: m_LocalRotation.x
      value: 0
      objectReference: {fileID: 0}
    - target: {fileID: 6472018432318644461, guid: c2afafd7b906b6a47b55fc6510afec59,
        type: 3}
      propertyPath: m_LocalRotation.y
      value: 0
      objectReference: {fileID: 0}
    - target: {fileID: 6472018432318644461, guid: c2afafd7b906b6a47b55fc6510afec59,
        type: 3}
      propertyPath: m_LocalRotation.z
      value: 0
      objectReference: {fileID: 0}
    - target: {fileID: 6472018432318644461, guid: c2afafd7b906b6a47b55fc6510afec59,
        type: 3}
      propertyPath: m_LocalRotation.w
      value: 1
      objectReference: {fileID: 0}
    - target: {fileID: 6472018432318644461, guid: c2afafd7b906b6a47b55fc6510afec59,
        type: 3}
      propertyPath: m_RootOrder
      value: 28
      objectReference: {fileID: 0}
    - target: {fileID: 6472018432318644461, guid: c2afafd7b906b6a47b55fc6510afec59,
        type: 3}
      propertyPath: m_LocalEulerAnglesHint.x
      value: 0
      objectReference: {fileID: 0}
    - target: {fileID: 6472018432318644461, guid: c2afafd7b906b6a47b55fc6510afec59,
        type: 3}
      propertyPath: m_LocalEulerAnglesHint.y
      value: 0
      objectReference: {fileID: 0}
    - target: {fileID: 6472018432318644461, guid: c2afafd7b906b6a47b55fc6510afec59,
        type: 3}
      propertyPath: m_LocalEulerAnglesHint.z
      value: 0
      objectReference: {fileID: 0}
    m_RemovedComponents: []
  m_SourcePrefab: {fileID: 100100000, guid: c2afafd7b906b6a47b55fc6510afec59, type: 3}
--- !u!4 &3877263271988160212 stripped
Transform:
  m_CorrespondingSourceObject: {fileID: 6472018432318644461, guid: c2afafd7b906b6a47b55fc6510afec59,
    type: 3}
  m_PrefabInstance: {fileID: 7791214291900155449}
  m_PrefabAsset: {fileID: 0}
--- !u!1001 &8209009092059771554
PrefabInstance:
  m_ObjectHideFlags: 0
  serializedVersion: 2
  m_Modification:
    m_TransformParent: {fileID: 4052585667815201789}
    m_Modifications:
    - target: {fileID: 6740386365141179517, guid: c2afafd7b906b6a47b55fc6510afec59,
        type: 3}
      propertyPath: m_Name
      value: Dot_L46
      objectReference: {fileID: 0}
    - target: {fileID: 6472018432318644461, guid: c2afafd7b906b6a47b55fc6510afec59,
        type: 3}
      propertyPath: m_LocalPosition.x
      value: 2.5
      objectReference: {fileID: 0}
    - target: {fileID: 6472018432318644461, guid: c2afafd7b906b6a47b55fc6510afec59,
        type: 3}
      propertyPath: m_LocalPosition.y
      value: 0
      objectReference: {fileID: 0}
    - target: {fileID: 6472018432318644461, guid: c2afafd7b906b6a47b55fc6510afec59,
        type: 3}
      propertyPath: m_LocalPosition.z
      value: -1.5
      objectReference: {fileID: 0}
    - target: {fileID: 6472018432318644461, guid: c2afafd7b906b6a47b55fc6510afec59,
        type: 3}
      propertyPath: m_LocalRotation.x
      value: 0
      objectReference: {fileID: 0}
    - target: {fileID: 6472018432318644461, guid: c2afafd7b906b6a47b55fc6510afec59,
        type: 3}
      propertyPath: m_LocalRotation.y
      value: 0
      objectReference: {fileID: 0}
    - target: {fileID: 6472018432318644461, guid: c2afafd7b906b6a47b55fc6510afec59,
        type: 3}
      propertyPath: m_LocalRotation.z
      value: 0
      objectReference: {fileID: 0}
    - target: {fileID: 6472018432318644461, guid: c2afafd7b906b6a47b55fc6510afec59,
        type: 3}
      propertyPath: m_LocalRotation.w
      value: 1
      objectReference: {fileID: 0}
    - target: {fileID: 6472018432318644461, guid: c2afafd7b906b6a47b55fc6510afec59,
        type: 3}
      propertyPath: m_RootOrder
      value: 27
      objectReference: {fileID: 0}
    - target: {fileID: 6472018432318644461, guid: c2afafd7b906b6a47b55fc6510afec59,
        type: 3}
      propertyPath: m_LocalEulerAnglesHint.x
      value: 0
      objectReference: {fileID: 0}
    - target: {fileID: 6472018432318644461, guid: c2afafd7b906b6a47b55fc6510afec59,
        type: 3}
      propertyPath: m_LocalEulerAnglesHint.y
      value: 0
      objectReference: {fileID: 0}
    - target: {fileID: 6472018432318644461, guid: c2afafd7b906b6a47b55fc6510afec59,
        type: 3}
      propertyPath: m_LocalEulerAnglesHint.z
      value: 0
      objectReference: {fileID: 0}
    m_RemovedComponents: []
  m_SourcePrefab: {fileID: 100100000, guid: c2afafd7b906b6a47b55fc6510afec59, type: 3}
--- !u!4 &2899605951303553615 stripped
Transform:
  m_CorrespondingSourceObject: {fileID: 6472018432318644461, guid: c2afafd7b906b6a47b55fc6510afec59,
    type: 3}
  m_PrefabInstance: {fileID: 8209009092059771554}
  m_PrefabAsset: {fileID: 0}
--- !u!1001 &8449430694845835146
PrefabInstance:
  m_ObjectHideFlags: 0
  serializedVersion: 2
  m_Modification:
    m_TransformParent: {fileID: 4052585667815201789}
    m_Modifications:
    - target: {fileID: 6740386365141179517, guid: c2afafd7b906b6a47b55fc6510afec59,
        type: 3}
      propertyPath: m_Name
      value: Dot_L05
      objectReference: {fileID: 0}
    - target: {fileID: 6472018432318644461, guid: c2afafd7b906b6a47b55fc6510afec59,
        type: 3}
      propertyPath: m_LocalPosition.x
      value: -2.5
      objectReference: {fileID: 0}
    - target: {fileID: 6472018432318644461, guid: c2afafd7b906b6a47b55fc6510afec59,
        type: 3}
      propertyPath: m_LocalPosition.y
      value: 0
      objectReference: {fileID: 0}
    - target: {fileID: 6472018432318644461, guid: c2afafd7b906b6a47b55fc6510afec59,
        type: 3}
      propertyPath: m_LocalPosition.z
      value: -0.5
      objectReference: {fileID: 0}
    - target: {fileID: 6472018432318644461, guid: c2afafd7b906b6a47b55fc6510afec59,
        type: 3}
      propertyPath: m_LocalRotation.x
      value: 0
      objectReference: {fileID: 0}
    - target: {fileID: 6472018432318644461, guid: c2afafd7b906b6a47b55fc6510afec59,
        type: 3}
      propertyPath: m_LocalRotation.y
      value: 0
      objectReference: {fileID: 0}
    - target: {fileID: 6472018432318644461, guid: c2afafd7b906b6a47b55fc6510afec59,
        type: 3}
      propertyPath: m_LocalRotation.z
      value: 0
      objectReference: {fileID: 0}
    - target: {fileID: 6472018432318644461, guid: c2afafd7b906b6a47b55fc6510afec59,
        type: 3}
      propertyPath: m_LocalRotation.w
      value: 1
      objectReference: {fileID: 0}
    - target: {fileID: 6472018432318644461, guid: c2afafd7b906b6a47b55fc6510afec59,
        type: 3}
      propertyPath: m_RootOrder
      value: 3
      objectReference: {fileID: 0}
    - target: {fileID: 6472018432318644461, guid: c2afafd7b906b6a47b55fc6510afec59,
        type: 3}
      propertyPath: m_LocalEulerAnglesHint.x
      value: 0
      objectReference: {fileID: 0}
    - target: {fileID: 6472018432318644461, guid: c2afafd7b906b6a47b55fc6510afec59,
        type: 3}
      propertyPath: m_LocalEulerAnglesHint.y
      value: 0
      objectReference: {fileID: 0}
    - target: {fileID: 6472018432318644461, guid: c2afafd7b906b6a47b55fc6510afec59,
        type: 3}
      propertyPath: m_LocalEulerAnglesHint.z
      value: 0
      objectReference: {fileID: 0}
    m_RemovedComponents: []
  m_SourcePrefab: {fileID: 100100000, guid: c2afafd7b906b6a47b55fc6510afec59, type: 3}
--- !u!4 &3212001163871471463 stripped
Transform:
  m_CorrespondingSourceObject: {fileID: 6472018432318644461, guid: c2afafd7b906b6a47b55fc6510afec59,
    type: 3}
  m_PrefabInstance: {fileID: 8449430694845835146}
  m_PrefabAsset: {fileID: 0}
--- !u!1001 &8851697548148014183
PrefabInstance:
  m_ObjectHideFlags: 0
  serializedVersion: 2
  m_Modification:
    m_TransformParent: {fileID: 4052585667815201789}
    m_Modifications:
    - target: {fileID: 6740386365141179517, guid: c2afafd7b906b6a47b55fc6510afec59,
        type: 3}
      propertyPath: m_Name
      value: Dot_L17
      objectReference: {fileID: 0}
    - target: {fileID: 6472018432318644461, guid: c2afafd7b906b6a47b55fc6510afec59,
        type: 3}
      propertyPath: m_LocalPosition.x
      value: -0.5
      objectReference: {fileID: 0}
    - target: {fileID: 6472018432318644461, guid: c2afafd7b906b6a47b55fc6510afec59,
        type: 3}
      propertyPath: m_LocalPosition.y
      value: 0
      objectReference: {fileID: 0}
    - target: {fileID: 6472018432318644461, guid: c2afafd7b906b6a47b55fc6510afec59,
        type: 3}
      propertyPath: m_LocalPosition.z
      value: 3.5
      objectReference: {fileID: 0}
    - target: {fileID: 6472018432318644461, guid: c2afafd7b906b6a47b55fc6510afec59,
        type: 3}
      propertyPath: m_LocalRotation.x
      value: 0
      objectReference: {fileID: 0}
    - target: {fileID: 6472018432318644461, guid: c2afafd7b906b6a47b55fc6510afec59,
        type: 3}
      propertyPath: m_LocalRotation.y
      value: 0
      objectReference: {fileID: 0}
    - target: {fileID: 6472018432318644461, guid: c2afafd7b906b6a47b55fc6510afec59,
        type: 3}
      propertyPath: m_LocalRotation.z
      value: 0
      objectReference: {fileID: 0}
    - target: {fileID: 6472018432318644461, guid: c2afafd7b906b6a47b55fc6510afec59,
        type: 3}
      propertyPath: m_LocalRotation.w
      value: 1
      objectReference: {fileID: 0}
    - target: {fileID: 6472018432318644461, guid: c2afafd7b906b6a47b55fc6510afec59,
        type: 3}
      propertyPath: m_RootOrder
      value: 14
      objectReference: {fileID: 0}
    - target: {fileID: 6472018432318644461, guid: c2afafd7b906b6a47b55fc6510afec59,
        type: 3}
      propertyPath: m_LocalEulerAnglesHint.x
      value: 0
      objectReference: {fileID: 0}
    - target: {fileID: 6472018432318644461, guid: c2afafd7b906b6a47b55fc6510afec59,
        type: 3}
      propertyPath: m_LocalEulerAnglesHint.y
      value: 0
      objectReference: {fileID: 0}
    - target: {fileID: 6472018432318644461, guid: c2afafd7b906b6a47b55fc6510afec59,
        type: 3}
      propertyPath: m_LocalEulerAnglesHint.z
      value: 0
      objectReference: {fileID: 0}
    m_RemovedComponents: []
  m_SourcePrefab: {fileID: 100100000, guid: c2afafd7b906b6a47b55fc6510afec59, type: 3}
--- !u!4 &2523905288213159050 stripped
Transform:
  m_CorrespondingSourceObject: {fileID: 6472018432318644461, guid: c2afafd7b906b6a47b55fc6510afec59,
    type: 3}
  m_PrefabInstance: {fileID: 8851697548148014183}
  m_PrefabAsset: {fileID: 0}
--- !u!1001 &9210379742304455088
PrefabInstance:
  m_ObjectHideFlags: 0
  serializedVersion: 2
  m_Modification:
    m_TransformParent: {fileID: 4052585667815201789}
    m_Modifications:
    - target: {fileID: 6740386365141179517, guid: c2afafd7b906b6a47b55fc6510afec59,
        type: 3}
      propertyPath: m_Name
      value: Dot_L10
      objectReference: {fileID: 0}
    - target: {fileID: 6472018432318644461, guid: c2afafd7b906b6a47b55fc6510afec59,
        type: 3}
      propertyPath: m_LocalPosition.x
      value: -1.5
      objectReference: {fileID: 0}
    - target: {fileID: 6472018432318644461, guid: c2afafd7b906b6a47b55fc6510afec59,
        type: 3}
      propertyPath: m_LocalPosition.y
      value: 0
      objectReference: {fileID: 0}
    - target: {fileID: 6472018432318644461, guid: c2afafd7b906b6a47b55fc6510afec59,
        type: 3}
      propertyPath: m_LocalPosition.z
      value: 2.5
      objectReference: {fileID: 0}
    - target: {fileID: 6472018432318644461, guid: c2afafd7b906b6a47b55fc6510afec59,
        type: 3}
      propertyPath: m_LocalRotation.x
      value: 0
      objectReference: {fileID: 0}
    - target: {fileID: 6472018432318644461, guid: c2afafd7b906b6a47b55fc6510afec59,
        type: 3}
      propertyPath: m_LocalRotation.y
      value: 0
      objectReference: {fileID: 0}
    - target: {fileID: 6472018432318644461, guid: c2afafd7b906b6a47b55fc6510afec59,
        type: 3}
      propertyPath: m_LocalRotation.z
      value: 0
      objectReference: {fileID: 0}
    - target: {fileID: 6472018432318644461, guid: c2afafd7b906b6a47b55fc6510afec59,
        type: 3}
      propertyPath: m_LocalRotation.w
      value: 1
      objectReference: {fileID: 0}
    - target: {fileID: 6472018432318644461, guid: c2afafd7b906b6a47b55fc6510afec59,
        type: 3}
      propertyPath: m_RootOrder
      value: 7
      objectReference: {fileID: 0}
    - target: {fileID: 6472018432318644461, guid: c2afafd7b906b6a47b55fc6510afec59,
        type: 3}
      propertyPath: m_LocalEulerAnglesHint.x
      value: 0
      objectReference: {fileID: 0}
    - target: {fileID: 6472018432318644461, guid: c2afafd7b906b6a47b55fc6510afec59,
        type: 3}
      propertyPath: m_LocalEulerAnglesHint.y
      value: 0
      objectReference: {fileID: 0}
    - target: {fileID: 6472018432318644461, guid: c2afafd7b906b6a47b55fc6510afec59,
        type: 3}
      propertyPath: m_LocalEulerAnglesHint.z
      value: 0
      objectReference: {fileID: 0}
    m_RemovedComponents: []
  m_SourcePrefab: {fileID: 100100000, guid: c2afafd7b906b6a47b55fc6510afec59, type: 3}
--- !u!4 &2738450166555142493 stripped
Transform:
  m_CorrespondingSourceObject: {fileID: 6472018432318644461, guid: c2afafd7b906b6a47b55fc6510afec59,
    type: 3}
  m_PrefabInstance: {fileID: 9210379742304455088}
  m_PrefabAsset: {fileID: 0}
