%YAML 1.1
%TAG !u! tag:unity3d.com,2011:
--- !u!1 &5631620774594070347
GameObject:
  m_ObjectHideFlags: 0
  m_CorrespondingSourceObject: {fileID: 0}
  m_PrefabInstance: {fileID: 0}
  m_PrefabAsset: {fileID: 0}
  serializedVersion: 6
  m_Component:
  - component: {fileID: 4052585667815201789}
  m_Layer: 0
  m_Name: ScoreText
  m_TagString: Untagged
  m_Icon: {fileID: 0}
  m_NavMeshLayer: 0
  m_StaticEditorFlags: 0
  m_IsActive: 1
--- !u!4 &4052585667815201789
Transform:
  m_ObjectHideFlags: 0
  m_CorrespondingSourceObject: {fileID: 0}
  m_PrefabInstance: {fileID: 0}
  m_PrefabAsset: {fileID: 0}
  m_GameObject: {fileID: 5631620774594070347}
  m_LocalRotation: {x: 0, y: 0, z: 0, w: 1}
  m_LocalPosition: {x: 0, y: 0, z: 0}
  m_LocalScale: {x: 0.1, y: 0.1, z: 0.1}
  m_Children:
  - {fileID: 2577311911872464683}
  - {fileID: 4350968123287997276}
  - {fileID: 5281741759383777136}
  - {fileID: 1500379153259837997}
  - {fileID: 1928313793443809831}
  - {fileID: 6443894374041069082}
  - {fileID: 2738450166555142493}
  - {fileID: 190505353609345391}
  - {fileID: 7541739448183505565}
  - {fileID: 4702010238525189913}
  - {fileID: 616185288305175141}
  - {fileID: 5968305572335697729}
  - {fileID: 4386831436223112690}
  - {fileID: 2194825385475094120}
  - {fileID: 4566493594262120603}
  - {fileID: 3569002749455711935}
  - {fileID: 7632960153296336473}
  - {fileID: 4869985372410308374}
  - {fileID: 351051230950900693}
  - {fileID: 286481790574545208}
  - {fileID: 8369496574987341732}
  - {fileID: 433494794115031814}
  - {fileID: 5075217948953818433}
  - {fileID: 8334934226204796511}
  - {fileID: 3877263271988160212}
  - {fileID: 8415745906113848341}
  m_Father: {fileID: 3809557235753403363}
  m_RootOrder: 0
  m_LocalEulerAnglesHint: {x: 0, y: 0, z: 0}
--- !u!1 &6214568991236003498
GameObject:
  m_ObjectHideFlags: 0
  m_CorrespondingSourceObject: {fileID: 0}
  m_PrefabInstance: {fileID: 0}
  m_PrefabAsset: {fileID: 0}
  serializedVersion: 6
  m_Component:
  - component: {fileID: 3809557235753403363}
  m_Layer: 0
  m_Name: ScoreText_L_X
  m_TagString: Untagged
  m_Icon: {fileID: 0}
  m_NavMeshLayer: 0
  m_StaticEditorFlags: 0
  m_IsActive: 1
--- !u!4 &3809557235753403363
Transform:
  m_ObjectHideFlags: 0
  m_CorrespondingSourceObject: {fileID: 0}
  m_PrefabInstance: {fileID: 0}
  m_PrefabAsset: {fileID: 0}
  m_GameObject: {fileID: 6214568991236003498}
  m_LocalRotation: {x: 0, y: 0, z: 0, w: 1}
  m_LocalPosition: {x: 0, y: 0, z: 0}
  m_LocalScale: {x: 1, y: 1, z: 1}
  m_Children:
  - {fileID: 4052585667815201789}
  m_Father: {fileID: 0}
  m_RootOrder: 0
  m_LocalEulerAnglesHint: {x: 0, y: 0, z: 0}
--- !u!1001 &53046711189833463
PrefabInstance:
  m_ObjectHideFlags: 0
  serializedVersion: 2
  m_Modification:
    m_TransformParent: {fileID: 4052585667815201789}
    m_Modifications:
    - target: {fileID: 6740386365141179517, guid: c2afafd7b906b6a47b55fc6510afec59,
        type: 3}
      propertyPath: m_Name
      value: Dot_L09
      objectReference: {fileID: 0}
    - target: {fileID: 6740386365141179517, guid: c2afafd7b906b6a47b55fc6510afec59,
        type: 3}
      propertyPath: m_IsActive
      value: 1
      objectReference: {fileID: 0}
    - target: {fileID: 6472018432318644461, guid: c2afafd7b906b6a47b55fc6510afec59,
        type: 3}
      propertyPath: m_LocalPosition.x
      value: -1.5
      objectReference: {fileID: 0}
    - target: {fileID: 6472018432318644461, guid: c2afafd7b906b6a47b55fc6510afec59,
        type: 3}
      propertyPath: m_LocalPosition.y
      value: 0
      objectReference: {fileID: 0}
    - target: {fileID: 6472018432318644461, guid: c2afafd7b906b6a47b55fc6510afec59,
        type: 3}
      propertyPath: m_LocalPosition.z
      value: 3.5
      objectReference: {fileID: 0}
    - target: {fileID: 6472018432318644461, guid: c2afafd7b906b6a47b55fc6510afec59,
        type: 3}
      propertyPath: m_LocalRotation.x
      value: 0
      objectReference: {fileID: 0}
    - target: {fileID: 6472018432318644461, guid: c2afafd7b906b6a47b55fc6510afec59,
        type: 3}
      propertyPath: m_LocalRotation.y
      value: 0
      objectReference: {fileID: 0}
    - target: {fileID: 6472018432318644461, guid: c2afafd7b906b6a47b55fc6510afec59,
        type: 3}
      propertyPath: m_LocalRotation.z
      value: 0
      objectReference: {fileID: 0}
    - target: {fileID: 6472018432318644461, guid: c2afafd7b906b6a47b55fc6510afec59,
        type: 3}
      propertyPath: m_LocalRotation.w
      value: 1
      objectReference: {fileID: 0}
    - target: {fileID: 6472018432318644461, guid: c2afafd7b906b6a47b55fc6510afec59,
        type: 3}
      propertyPath: m_RootOrder
      value: 5
      objectReference: {fileID: 0}
    - target: {fileID: 6472018432318644461, guid: c2afafd7b906b6a47b55fc6510afec59,
        type: 3}
      propertyPath: m_LocalEulerAnglesHint.x
      value: 0
      objectReference: {fileID: 0}
    - target: {fileID: 6472018432318644461, guid: c2afafd7b906b6a47b55fc6510afec59,
        type: 3}
      propertyPath: m_LocalEulerAnglesHint.y
      value: 0
      objectReference: {fileID: 0}
    - target: {fileID: 6472018432318644461, guid: c2afafd7b906b6a47b55fc6510afec59,
        type: 3}
      propertyPath: m_LocalEulerAnglesHint.z
      value: 0
      objectReference: {fileID: 0}
    m_RemovedComponents: []
  m_SourcePrefab: {fileID: 100100000, guid: c2afafd7b906b6a47b55fc6510afec59, type: 3}
--- !u!4 &6443894374041069082 stripped
Transform:
  m_CorrespondingSourceObject: {fileID: 6472018432318644461, guid: c2afafd7b906b6a47b55fc6510afec59,
    type: 3}
  m_PrefabInstance: {fileID: 53046711189833463}
  m_PrefabAsset: {fileID: 0}
--- !u!1001 &793359429930033068
PrefabInstance:
  m_ObjectHideFlags: 0
  serializedVersion: 2
  m_Modification:
    m_TransformParent: {fileID: 4052585667815201789}
    m_Modifications:
    - target: {fileID: 6740386365141179517, guid: c2afafd7b906b6a47b55fc6510afec59,
        type: 3}
      propertyPath: m_Name
      value: Dot_L16
      objectReference: {fileID: 0}
    - target: {fileID: 6740386365141179517, guid: c2afafd7b906b6a47b55fc6510afec59,
        type: 3}
      propertyPath: m_IsActive
      value: 1
      objectReference: {fileID: 0}
    - target: {fileID: 6472018432318644461, guid: c2afafd7b906b6a47b55fc6510afec59,
        type: 3}
      propertyPath: m_LocalPosition.x
      value: -1.5
      objectReference: {fileID: 0}
    - target: {fileID: 6472018432318644461, guid: c2afafd7b906b6a47b55fc6510afec59,
        type: 3}
      propertyPath: m_LocalPosition.y
      value: 0
      objectReference: {fileID: 0}
    - target: {fileID: 6472018432318644461, guid: c2afafd7b906b6a47b55fc6510afec59,
        type: 3}
      propertyPath: m_LocalPosition.z
      value: -3.5
      objectReference: {fileID: 0}
    - target: {fileID: 6472018432318644461, guid: c2afafd7b906b6a47b55fc6510afec59,
        type: 3}
      propertyPath: m_LocalRotation.x
      value: 0
      objectReference: {fileID: 0}
    - target: {fileID: 6472018432318644461, guid: c2afafd7b906b6a47b55fc6510afec59,
        type: 3}
      propertyPath: m_LocalRotation.y
      value: 0
      objectReference: {fileID: 0}
    - target: {fileID: 6472018432318644461, guid: c2afafd7b906b6a47b55fc6510afec59,
        type: 3}
      propertyPath: m_LocalRotation.z
      value: 0
      objectReference: {fileID: 0}
    - target: {fileID: 6472018432318644461, guid: c2afafd7b906b6a47b55fc6510afec59,
        type: 3}
      propertyPath: m_LocalRotation.w
      value: 1
      objectReference: {fileID: 0}
    - target: {fileID: 6472018432318644461, guid: c2afafd7b906b6a47b55fc6510afec59,
        type: 3}
      propertyPath: m_RootOrder
      value: 11
      objectReference: {fileID: 0}
    - target: {fileID: 6472018432318644461, guid: c2afafd7b906b6a47b55fc6510afec59,
        type: 3}
      propertyPath: m_LocalEulerAnglesHint.x
      value: 0
      objectReference: {fileID: 0}
    - target: {fileID: 6472018432318644461, guid: c2afafd7b906b6a47b55fc6510afec59,
        type: 3}
      propertyPath: m_LocalEulerAnglesHint.y
      value: 0
      objectReference: {fileID: 0}
    - target: {fileID: 6472018432318644461, guid: c2afafd7b906b6a47b55fc6510afec59,
        type: 3}
      propertyPath: m_LocalEulerAnglesHint.z
      value: 0
      objectReference: {fileID: 0}
    m_RemovedComponents: []
  m_SourcePrefab: {fileID: 100100000, guid: c2afafd7b906b6a47b55fc6510afec59, type: 3}
--- !u!4 &5968305572335697729 stripped
Transform:
  m_CorrespondingSourceObject: {fileID: 6472018432318644461, guid: c2afafd7b906b6a47b55fc6510afec59,
    type: 3}
  m_PrefabInstance: {fileID: 793359429930033068}
  m_PrefabAsset: {fileID: 0}
--- !u!1001 &1197322378922200989
PrefabInstance:
  m_ObjectHideFlags: 0
  serializedVersion: 2
  m_Modification:
    m_TransformParent: {fileID: 4052585667815201789}
    m_Modifications:
    - target: {fileID: 6740386365141179517, guid: c2afafd7b906b6a47b55fc6510afec59,
        type: 3}
      propertyPath: m_Name
      value: Dot_L03
      objectReference: {fileID: 0}
    - target: {fileID: 6740386365141179517, guid: c2afafd7b906b6a47b55fc6510afec59,
        type: 3}
      propertyPath: m_IsActive
      value: 1
      objectReference: {fileID: 0}
    - target: {fileID: 6472018432318644461, guid: c2afafd7b906b6a47b55fc6510afec59,
        type: 3}
      propertyPath: m_LocalPosition.x
      value: -2.5
      objectReference: {fileID: 0}
    - target: {fileID: 6472018432318644461, guid: c2afafd7b906b6a47b55fc6510afec59,
        type: 3}
      propertyPath: m_LocalPosition.y
      value: 0
      objectReference: {fileID: 0}
    - target: {fileID: 6472018432318644461, guid: c2afafd7b906b6a47b55fc6510afec59,
        type: 3}
      propertyPath: m_LocalPosition.z
      value: 1.5
      objectReference: {fileID: 0}
    - target: {fileID: 6472018432318644461, guid: c2afafd7b906b6a47b55fc6510afec59,
        type: 3}
      propertyPath: m_LocalRotation.x
      value: 0
      objectReference: {fileID: 0}
    - target: {fileID: 6472018432318644461, guid: c2afafd7b906b6a47b55fc6510afec59,
        type: 3}
      propertyPath: m_LocalRotation.y
      value: 0
      objectReference: {fileID: 0}
    - target: {fileID: 6472018432318644461, guid: c2afafd7b906b6a47b55fc6510afec59,
        type: 3}
      propertyPath: m_LocalRotation.z
      value: 0
      objectReference: {fileID: 0}
    - target: {fileID: 6472018432318644461, guid: c2afafd7b906b6a47b55fc6510afec59,
        type: 3}
      propertyPath: m_LocalRotation.w
      value: 1
      objectReference: {fileID: 0}
    - target: {fileID: 6472018432318644461, guid: c2afafd7b906b6a47b55fc6510afec59,
        type: 3}
      propertyPath: m_RootOrder
      value: 2
      objectReference: {fileID: 0}
    - target: {fileID: 6472018432318644461, guid: c2afafd7b906b6a47b55fc6510afec59,
        type: 3}
      propertyPath: m_LocalEulerAnglesHint.x
      value: 0
      objectReference: {fileID: 0}
    - target: {fileID: 6472018432318644461, guid: c2afafd7b906b6a47b55fc6510afec59,
        type: 3}
      propertyPath: m_LocalEulerAnglesHint.y
      value: 0
      objectReference: {fileID: 0}
    - target: {fileID: 6472018432318644461, guid: c2afafd7b906b6a47b55fc6510afec59,
        type: 3}
      propertyPath: m_LocalEulerAnglesHint.z
      value: 0
      objectReference: {fileID: 0}
    m_RemovedComponents: []
  m_SourcePrefab: {fileID: 100100000, guid: c2afafd7b906b6a47b55fc6510afec59, type: 3}
--- !u!4 &5281741759383777136 stripped
Transform:
  m_CorrespondingSourceObject: {fileID: 6472018432318644461, guid: c2afafd7b906b6a47b55fc6510afec59,
    type: 3}
  m_PrefabInstance: {fileID: 1197322378922200989}
  m_PrefabAsset: {fileID: 0}
--- !u!1001 &1770441453234360308
PrefabInstance:
  m_ObjectHideFlags: 0
  serializedVersion: 2
  m_Modification:
    m_TransformParent: {fileID: 4052585667815201789}
    m_Modifications:
    - target: {fileID: 6740386365141179517, guid: c2afafd7b906b6a47b55fc6510afec59,
        type: 3}
      propertyPath: m_Name
      value: Dot_L14
      objectReference: {fileID: 0}
    - target: {fileID: 6472018432318644461, guid: c2afafd7b906b6a47b55fc6510afec59,
        type: 3}
      propertyPath: m_LocalPosition.x
      value: -1.5
      objectReference: {fileID: 0}
    - target: {fileID: 6472018432318644461, guid: c2afafd7b906b6a47b55fc6510afec59,
        type: 3}
      propertyPath: m_LocalPosition.y
      value: 0
      objectReference: {fileID: 0}
    - target: {fileID: 6472018432318644461, guid: c2afafd7b906b6a47b55fc6510afec59,
        type: 3}
      propertyPath: m_LocalPosition.z
      value: -1.5
      objectReference: {fileID: 0}
    - target: {fileID: 6472018432318644461, guid: c2afafd7b906b6a47b55fc6510afec59,
        type: 3}
      propertyPath: m_LocalRotation.x
      value: 0
      objectReference: {fileID: 0}
    - target: {fileID: 6472018432318644461, guid: c2afafd7b906b6a47b55fc6510afec59,
        type: 3}
      propertyPath: m_LocalRotation.y
      value: 0
      objectReference: {fileID: 0}
    - target: {fileID: 6472018432318644461, guid: c2afafd7b906b6a47b55fc6510afec59,
        type: 3}
      propertyPath: m_LocalRotation.z
      value: 0
      objectReference: {fileID: 0}
    - target: {fileID: 6472018432318644461, guid: c2afafd7b906b6a47b55fc6510afec59,
        type: 3}
      propertyPath: m_LocalRotation.w
      value: 1
      objectReference: {fileID: 0}
    - target: {fileID: 6472018432318644461, guid: c2afafd7b906b6a47b55fc6510afec59,
        type: 3}
      propertyPath: m_RootOrder
      value: 9
      objectReference: {fileID: 0}
    - target: {fileID: 6472018432318644461, guid: c2afafd7b906b6a47b55fc6510afec59,
        type: 3}
      propertyPath: m_LocalEulerAnglesHint.x
      value: 0
      objectReference: {fileID: 0}
    - target: {fileID: 6472018432318644461, guid: c2afafd7b906b6a47b55fc6510afec59,
        type: 3}
      propertyPath: m_LocalEulerAnglesHint.y
      value: 0
      objectReference: {fileID: 0}
    - target: {fileID: 6472018432318644461, guid: c2afafd7b906b6a47b55fc6510afec59,
        type: 3}
      propertyPath: m_LocalEulerAnglesHint.z
      value: 0
      objectReference: {fileID: 0}
    m_RemovedComponents: []
  m_SourcePrefab: {fileID: 100100000, guid: c2afafd7b906b6a47b55fc6510afec59, type: 3}
--- !u!4 &4702010238525189913 stripped
Transform:
  m_CorrespondingSourceObject: {fileID: 6472018432318644461, guid: c2afafd7b906b6a47b55fc6510afec59,
    type: 3}
  m_PrefabInstance: {fileID: 1770441453234360308}
  m_PrefabAsset: {fileID: 0}
--- !u!1001 &1892800048102590459
PrefabInstance:
  m_ObjectHideFlags: 0
  serializedVersion: 2
  m_Modification:
    m_TransformParent: {fileID: 4052585667815201789}
    m_Modifications:
    - target: {fileID: 6740386365141179517, guid: c2afafd7b906b6a47b55fc6510afec59,
        type: 3}
      propertyPath: m_Name
      value: Dot_L36
      objectReference: {fileID: 0}
    - target: {fileID: 6740386365141179517, guid: c2afafd7b906b6a47b55fc6510afec59,
        type: 3}
      propertyPath: m_IsActive
      value: 1
      objectReference: {fileID: 0}
    - target: {fileID: 6472018432318644461, guid: c2afafd7b906b6a47b55fc6510afec59,
        type: 3}
      propertyPath: m_LocalPosition.x
      value: 1.5
      objectReference: {fileID: 0}
    - target: {fileID: 6472018432318644461, guid: c2afafd7b906b6a47b55fc6510afec59,
        type: 3}
      propertyPath: m_LocalPosition.y
      value: 0
      objectReference: {fileID: 0}
    - target: {fileID: 6472018432318644461, guid: c2afafd7b906b6a47b55fc6510afec59,
        type: 3}
      propertyPath: m_LocalPosition.z
      value: 0.5
      objectReference: {fileID: 0}
    - target: {fileID: 6472018432318644461, guid: c2afafd7b906b6a47b55fc6510afec59,
        type: 3}
      propertyPath: m_LocalRotation.x
      value: 0
      objectReference: {fileID: 0}
    - target: {fileID: 6472018432318644461, guid: c2afafd7b906b6a47b55fc6510afec59,
        type: 3}
      propertyPath: m_LocalRotation.y
      value: 0
      objectReference: {fileID: 0}
    - target: {fileID: 6472018432318644461, guid: c2afafd7b906b6a47b55fc6510afec59,
        type: 3}
      propertyPath: m_LocalRotation.z
      value: 0
      objectReference: {fileID: 0}
    - target: {fileID: 6472018432318644461, guid: c2afafd7b906b6a47b55fc6510afec59,
        type: 3}
      propertyPath: m_LocalRotation.w
      value: 1
      objectReference: {fileID: 0}
    - target: {fileID: 6472018432318644461, guid: c2afafd7b906b6a47b55fc6510afec59,
        type: 3}
      propertyPath: m_RootOrder
      value: 17
      objectReference: {fileID: 0}
    - target: {fileID: 6472018432318644461, guid: c2afafd7b906b6a47b55fc6510afec59,
        type: 3}
      propertyPath: m_LocalEulerAnglesHint.x
      value: 0
      objectReference: {fileID: 0}
    - target: {fileID: 6472018432318644461, guid: c2afafd7b906b6a47b55fc6510afec59,
        type: 3}
      propertyPath: m_LocalEulerAnglesHint.y
      value: 0
      objectReference: {fileID: 0}
    - target: {fileID: 6472018432318644461, guid: c2afafd7b906b6a47b55fc6510afec59,
        type: 3}
      propertyPath: m_LocalEulerAnglesHint.z
      value: 0
      objectReference: {fileID: 0}
    m_RemovedComponents: []
  m_SourcePrefab: {fileID: 100100000, guid: c2afafd7b906b6a47b55fc6510afec59, type: 3}
--- !u!4 &4869985372410308374 stripped
Transform:
  m_CorrespondingSourceObject: {fileID: 6472018432318644461, guid: c2afafd7b906b6a47b55fc6510afec59,
    type: 3}
  m_PrefabInstance: {fileID: 1892800048102590459}
  m_PrefabAsset: {fileID: 0}
--- !u!1001 &2287812860710360492
PrefabInstance:
  m_ObjectHideFlags: 0
  serializedVersion: 2
  m_Modification:
    m_TransformParent: {fileID: 4052585667815201789}
    m_Modifications:
    - target: {fileID: 6740386365141179517, guid: c2afafd7b906b6a47b55fc6510afec59,
        type: 3}
      propertyPath: m_Name
      value: Dot_L42
      objectReference: {fileID: 0}
    - target: {fileID: 6472018432318644461, guid: c2afafd7b906b6a47b55fc6510afec59,
        type: 3}
      propertyPath: m_LocalPosition.x
      value: 2.5
      objectReference: {fileID: 0}
    - target: {fileID: 6472018432318644461, guid: c2afafd7b906b6a47b55fc6510afec59,
        type: 3}
      propertyPath: m_LocalPosition.y
      value: 0
      objectReference: {fileID: 0}
    - target: {fileID: 6472018432318644461, guid: c2afafd7b906b6a47b55fc6510afec59,
        type: 3}
      propertyPath: m_LocalPosition.z
      value: 2.5
      objectReference: {fileID: 0}
    - target: {fileID: 6472018432318644461, guid: c2afafd7b906b6a47b55fc6510afec59,
        type: 3}
      propertyPath: m_LocalRotation.x
      value: 0
      objectReference: {fileID: 0}
    - target: {fileID: 6472018432318644461, guid: c2afafd7b906b6a47b55fc6510afec59,
        type: 3}
      propertyPath: m_LocalRotation.y
      value: 0
      objectReference: {fileID: 0}
    - target: {fileID: 6472018432318644461, guid: c2afafd7b906b6a47b55fc6510afec59,
        type: 3}
      propertyPath: m_LocalRotation.z
      value: 0
      objectReference: {fileID: 0}
    - target: {fileID: 6472018432318644461, guid: c2afafd7b906b6a47b55fc6510afec59,
        type: 3}
      propertyPath: m_LocalRotation.w
      value: 1
      objectReference: {fileID: 0}
    - target: {fileID: 6472018432318644461, guid: c2afafd7b906b6a47b55fc6510afec59,
        type: 3}
      propertyPath: m_RootOrder
      value: 22
      objectReference: {fileID: 0}
    - target: {fileID: 6472018432318644461, guid: c2afafd7b906b6a47b55fc6510afec59,
        type: 3}
      propertyPath: m_LocalEulerAnglesHint.x
      value: 0
      objectReference: {fileID: 0}
    - target: {fileID: 6472018432318644461, guid: c2afafd7b906b6a47b55fc6510afec59,
        type: 3}
      propertyPath: m_LocalEulerAnglesHint.y
      value: 0
      objectReference: {fileID: 0}
    - target: {fileID: 6472018432318644461, guid: c2afafd7b906b6a47b55fc6510afec59,
        type: 3}
      propertyPath: m_LocalEulerAnglesHint.z
      value: 0
      objectReference: {fileID: 0}
    m_RemovedComponents: []
  m_SourcePrefab: {fileID: 100100000, guid: c2afafd7b906b6a47b55fc6510afec59, type: 3}
--- !u!4 &5075217948953818433 stripped
Transform:
  m_CorrespondingSourceObject: {fileID: 6472018432318644461, guid: c2afafd7b906b6a47b55fc6510afec59,
    type: 3}
  m_PrefabInstance: {fileID: 2287812860710360492}
  m_PrefabAsset: {fileID: 0}
--- !u!1001 &3060927112988624562
PrefabInstance:
  m_ObjectHideFlags: 0
  serializedVersion: 2
  m_Modification:
    m_TransformParent: {fileID: 4052585667815201789}
    m_Modifications:
    - target: {fileID: 6740386365141179517, guid: c2afafd7b906b6a47b55fc6510afec59,
        type: 3}
      propertyPath: m_Name
      value: Dot_L43
      objectReference: {fileID: 0}
    - target: {fileID: 6740386365141179517, guid: c2afafd7b906b6a47b55fc6510afec59,
        type: 3}
      propertyPath: m_IsActive
      value: 1
      objectReference: {fileID: 0}
    - target: {fileID: 6472018432318644461, guid: c2afafd7b906b6a47b55fc6510afec59,
        type: 3}
      propertyPath: m_LocalPosition.x
      value: 2.5
      objectReference: {fileID: 0}
    - target: {fileID: 6472018432318644461, guid: c2afafd7b906b6a47b55fc6510afec59,
        type: 3}
      propertyPath: m_LocalPosition.y
      value: 0
      objectReference: {fileID: 0}
    - target: {fileID: 6472018432318644461, guid: c2afafd7b906b6a47b55fc6510afec59,
        type: 3}
      propertyPath: m_LocalPosition.z
      value: 1.5
      objectReference: {fileID: 0}
    - target: {fileID: 6472018432318644461, guid: c2afafd7b906b6a47b55fc6510afec59,
        type: 3}
      propertyPath: m_LocalRotation.x
      value: 0
      objectReference: {fileID: 0}
    - target: {fileID: 6472018432318644461, guid: c2afafd7b906b6a47b55fc6510afec59,
        type: 3}
      propertyPath: m_LocalRotation.y
      value: 0
      objectReference: {fileID: 0}
    - target: {fileID: 6472018432318644461, guid: c2afafd7b906b6a47b55fc6510afec59,
        type: 3}
      propertyPath: m_LocalRotation.z
      value: 0
      objectReference: {fileID: 0}
    - target: {fileID: 6472018432318644461, guid: c2afafd7b906b6a47b55fc6510afec59,
        type: 3}
      propertyPath: m_LocalRotation.w
      value: 1
      objectReference: {fileID: 0}
    - target: {fileID: 6472018432318644461, guid: c2afafd7b906b6a47b55fc6510afec59,
        type: 3}
      propertyPath: m_RootOrder
      value: 23
      objectReference: {fileID: 0}
    - target: {fileID: 6472018432318644461, guid: c2afafd7b906b6a47b55fc6510afec59,
        type: 3}
      propertyPath: m_LocalEulerAnglesHint.x
      value: 0
      objectReference: {fileID: 0}
    - target: {fileID: 6472018432318644461, guid: c2afafd7b906b6a47b55fc6510afec59,
        type: 3}
      propertyPath: m_LocalEulerAnglesHint.y
      value: 0
      objectReference: {fileID: 0}
    - target: {fileID: 6472018432318644461, guid: c2afafd7b906b6a47b55fc6510afec59,
        type: 3}
      propertyPath: m_LocalEulerAnglesHint.z
      value: 0
      objectReference: {fileID: 0}
    m_RemovedComponents: []
  m_SourcePrefab: {fileID: 100100000, guid: c2afafd7b906b6a47b55fc6510afec59, type: 3}
--- !u!4 &8334934226204796511 stripped
Transform:
  m_CorrespondingSourceObject: {fileID: 6472018432318644461, guid: c2afafd7b906b6a47b55fc6510afec59,
    type: 3}
  m_PrefabInstance: {fileID: 3060927112988624562}
  m_PrefabAsset: {fileID: 0}
--- !u!1001 &3250339068675818744
PrefabInstance:
  m_ObjectHideFlags: 0
  serializedVersion: 2
  m_Modification:
    m_TransformParent: {fileID: 4052585667815201789}
    m_Modifications:
    - target: {fileID: 6740386365141179517, guid: c2afafd7b906b6a47b55fc6510afec59,
        type: 3}
      propertyPath: m_Name
      value: Dot_L48
      objectReference: {fileID: 0}
    - target: {fileID: 6472018432318644461, guid: c2afafd7b906b6a47b55fc6510afec59,
        type: 3}
      propertyPath: m_LocalPosition.x
      value: 2.5
      objectReference: {fileID: 0}
    - target: {fileID: 6472018432318644461, guid: c2afafd7b906b6a47b55fc6510afec59,
        type: 3}
      propertyPath: m_LocalPosition.y
      value: 0
      objectReference: {fileID: 0}
    - target: {fileID: 6472018432318644461, guid: c2afafd7b906b6a47b55fc6510afec59,
        type: 3}
      propertyPath: m_LocalPosition.z
      value: -3.5
      objectReference: {fileID: 0}
    - target: {fileID: 6472018432318644461, guid: c2afafd7b906b6a47b55fc6510afec59,
        type: 3}
      propertyPath: m_LocalRotation.x
      value: 0
      objectReference: {fileID: 0}
    - target: {fileID: 6472018432318644461, guid: c2afafd7b906b6a47b55fc6510afec59,
        type: 3}
      propertyPath: m_LocalRotation.y
      value: 0
      objectReference: {fileID: 0}
    - target: {fileID: 6472018432318644461, guid: c2afafd7b906b6a47b55fc6510afec59,
        type: 3}
      propertyPath: m_LocalRotation.z
      value: 0
      objectReference: {fileID: 0}
    - target: {fileID: 6472018432318644461, guid: c2afafd7b906b6a47b55fc6510afec59,
        type: 3}
      propertyPath: m_LocalRotation.w
      value: 1
      objectReference: {fileID: 0}
    - target: {fileID: 6472018432318644461, guid: c2afafd7b906b6a47b55fc6510afec59,
        type: 3}
      propertyPath: m_RootOrder
      value: 25
      objectReference: {fileID: 0}
    - target: {fileID: 6472018432318644461, guid: c2afafd7b906b6a47b55fc6510afec59,
        type: 3}
      propertyPath: m_LocalEulerAnglesHint.x
      value: 0
      objectReference: {fileID: 0}
    - target: {fileID: 6472018432318644461, guid: c2afafd7b906b6a47b55fc6510afec59,
        type: 3}
      propertyPath: m_LocalEulerAnglesHint.y
      value: 0
      objectReference: {fileID: 0}
    - target: {fileID: 6472018432318644461, guid: c2afafd7b906b6a47b55fc6510afec59,
        type: 3}
      propertyPath: m_LocalEulerAnglesHint.z
      value: 0
      objectReference: {fileID: 0}
    m_RemovedComponents: []
  m_SourcePrefab: {fileID: 100100000, guid: c2afafd7b906b6a47b55fc6510afec59, type: 3}
--- !u!4 &8415745906113848341 stripped
Transform:
  m_CorrespondingSourceObject: {fileID: 6472018432318644461, guid: c2afafd7b906b6a47b55fc6510afec59,
    type: 3}
  m_PrefabInstance: {fileID: 3250339068675818744}
  m_PrefabAsset: {fileID: 0}
--- !u!1001 &3312211381156720457
PrefabInstance:
  m_ObjectHideFlags: 0
  serializedVersion: 2
  m_Modification:
    m_TransformParent: {fileID: 4052585667815201789}
    m_Modifications:
    - target: {fileID: 6740386365141179517, guid: c2afafd7b906b6a47b55fc6510afec59,
        type: 3}
      propertyPath: m_Name
      value: Dot_L40
      objectReference: {fileID: 0}
    - target: {fileID: 6740386365141179517, guid: c2afafd7b906b6a47b55fc6510afec59,
        type: 3}
      propertyPath: m_IsActive
      value: 1
      objectReference: {fileID: 0}
    - target: {fileID: 6472018432318644461, guid: c2afafd7b906b6a47b55fc6510afec59,
        type: 3}
      propertyPath: m_LocalPosition.x
      value: 1.5
      objectReference: {fileID: 0}
    - target: {fileID: 6472018432318644461, guid: c2afafd7b906b6a47b55fc6510afec59,
        type: 3}
      propertyPath: m_LocalPosition.y
      value: 0
      objectReference: {fileID: 0}
    - target: {fileID: 6472018432318644461, guid: c2afafd7b906b6a47b55fc6510afec59,
        type: 3}
      propertyPath: m_LocalPosition.z
      value: -3.5
      objectReference: {fileID: 0}
    - target: {fileID: 6472018432318644461, guid: c2afafd7b906b6a47b55fc6510afec59,
        type: 3}
      propertyPath: m_LocalRotation.x
      value: 0
      objectReference: {fileID: 0}
    - target: {fileID: 6472018432318644461, guid: c2afafd7b906b6a47b55fc6510afec59,
        type: 3}
      propertyPath: m_LocalRotation.y
      value: 0
      objectReference: {fileID: 0}
    - target: {fileID: 6472018432318644461, guid: c2afafd7b906b6a47b55fc6510afec59,
        type: 3}
      propertyPath: m_LocalRotation.z
      value: 0
      objectReference: {fileID: 0}
    - target: {fileID: 6472018432318644461, guid: c2afafd7b906b6a47b55fc6510afec59,
        type: 3}
      propertyPath: m_LocalRotation.w
      value: 1
      objectReference: {fileID: 0}
    - target: {fileID: 6472018432318644461, guid: c2afafd7b906b6a47b55fc6510afec59,
        type: 3}
      propertyPath: m_RootOrder
      value: 20
      objectReference: {fileID: 0}
    - target: {fileID: 6472018432318644461, guid: c2afafd7b906b6a47b55fc6510afec59,
        type: 3}
      propertyPath: m_LocalEulerAnglesHint.x
      value: 0
      objectReference: {fileID: 0}
    - target: {fileID: 6472018432318644461, guid: c2afafd7b906b6a47b55fc6510afec59,
        type: 3}
      propertyPath: m_LocalEulerAnglesHint.y
      value: 0
      objectReference: {fileID: 0}
    - target: {fileID: 6472018432318644461, guid: c2afafd7b906b6a47b55fc6510afec59,
        type: 3}
      propertyPath: m_LocalEulerAnglesHint.z
      value: 0
      objectReference: {fileID: 0}
    m_RemovedComponents: []
  m_SourcePrefab: {fileID: 100100000, guid: c2afafd7b906b6a47b55fc6510afec59, type: 3}
--- !u!4 &8369496574987341732 stripped
Transform:
  m_CorrespondingSourceObject: {fileID: 6472018432318644461, guid: c2afafd7b906b6a47b55fc6510afec59,
    type: 3}
  m_PrefabInstance: {fileID: 3312211381156720457}
  m_PrefabAsset: {fileID: 0}
--- !u!1001 &3475796671291610804
PrefabInstance:
  m_ObjectHideFlags: 0
  serializedVersion: 2
  m_Modification:
    m_TransformParent: {fileID: 4052585667815201789}
    m_Modifications:
    - target: {fileID: 6740386365141179517, guid: c2afafd7b906b6a47b55fc6510afec59,
        type: 3}
      propertyPath: m_Name
      value: Dot_L35
      objectReference: {fileID: 0}
    - target: {fileID: 6740386365141179517, guid: c2afafd7b906b6a47b55fc6510afec59,
        type: 3}
      propertyPath: m_IsActive
      value: 1
      objectReference: {fileID: 0}
    - target: {fileID: 6472018432318644461, guid: c2afafd7b906b6a47b55fc6510afec59,
        type: 3}
      propertyPath: m_LocalPosition.x
      value: 1.5
      objectReference: {fileID: 0}
    - target: {fileID: 6472018432318644461, guid: c2afafd7b906b6a47b55fc6510afec59,
        type: 3}
      propertyPath: m_LocalPosition.y
      value: 0
      objectReference: {fileID: 0}
    - target: {fileID: 6472018432318644461, guid: c2afafd7b906b6a47b55fc6510afec59,
        type: 3}
      propertyPath: m_LocalPosition.z
      value: 1.5
      objectReference: {fileID: 0}
    - target: {fileID: 6472018432318644461, guid: c2afafd7b906b6a47b55fc6510afec59,
        type: 3}
      propertyPath: m_LocalRotation.x
      value: 0
      objectReference: {fileID: 0}
    - target: {fileID: 6472018432318644461, guid: c2afafd7b906b6a47b55fc6510afec59,
        type: 3}
      propertyPath: m_LocalRotation.y
      value: 0
      objectReference: {fileID: 0}
    - target: {fileID: 6472018432318644461, guid: c2afafd7b906b6a47b55fc6510afec59,
        type: 3}
      propertyPath: m_LocalRotation.z
      value: 0
      objectReference: {fileID: 0}
    - target: {fileID: 6472018432318644461, guid: c2afafd7b906b6a47b55fc6510afec59,
        type: 3}
      propertyPath: m_LocalRotation.w
      value: 1
      objectReference: {fileID: 0}
    - target: {fileID: 6472018432318644461, guid: c2afafd7b906b6a47b55fc6510afec59,
        type: 3}
      propertyPath: m_RootOrder
      value: 16
      objectReference: {fileID: 0}
    - target: {fileID: 6472018432318644461, guid: c2afafd7b906b6a47b55fc6510afec59,
        type: 3}
      propertyPath: m_LocalEulerAnglesHint.x
      value: 0
      objectReference: {fileID: 0}
    - target: {fileID: 6472018432318644461, guid: c2afafd7b906b6a47b55fc6510afec59,
        type: 3}
      propertyPath: m_LocalEulerAnglesHint.y
      value: 0
      objectReference: {fileID: 0}
    - target: {fileID: 6472018432318644461, guid: c2afafd7b906b6a47b55fc6510afec59,
        type: 3}
      propertyPath: m_LocalEulerAnglesHint.z
      value: 0
      objectReference: {fileID: 0}
    m_RemovedComponents: []
  m_SourcePrefab: {fileID: 100100000, guid: c2afafd7b906b6a47b55fc6510afec59, type: 3}
--- !u!4 &7632960153296336473 stripped
Transform:
  m_CorrespondingSourceObject: {fileID: 6472018432318644461, guid: c2afafd7b906b6a47b55fc6510afec59,
    type: 3}
  m_PrefabInstance: {fileID: 3475796671291610804}
  m_PrefabAsset: {fileID: 0}
--- !u!1001 &3564773277457277552
PrefabInstance:
  m_ObjectHideFlags: 0
  serializedVersion: 2
  m_Modification:
    m_TransformParent: {fileID: 4052585667815201789}
    m_Modifications:
    - target: {fileID: 6740386365141179517, guid: c2afafd7b906b6a47b55fc6510afec59,
        type: 3}
      propertyPath: m_Name
      value: Dot_L12
      objectReference: {fileID: 0}
    - target: {fileID: 6472018432318644461, guid: c2afafd7b906b6a47b55fc6510afec59,
        type: 3}
      propertyPath: m_LocalPosition.x
      value: -1.5
      objectReference: {fileID: 0}
    - target: {fileID: 6472018432318644461, guid: c2afafd7b906b6a47b55fc6510afec59,
        type: 3}
      propertyPath: m_LocalPosition.y
      value: 0
      objectReference: {fileID: 0}
    - target: {fileID: 6472018432318644461, guid: c2afafd7b906b6a47b55fc6510afec59,
        type: 3}
      propertyPath: m_LocalPosition.z
      value: 0.5
      objectReference: {fileID: 0}
    - target: {fileID: 6472018432318644461, guid: c2afafd7b906b6a47b55fc6510afec59,
        type: 3}
      propertyPath: m_LocalRotation.x
      value: 0
      objectReference: {fileID: 0}
    - target: {fileID: 6472018432318644461, guid: c2afafd7b906b6a47b55fc6510afec59,
        type: 3}
      propertyPath: m_LocalRotation.y
      value: 0
      objectReference: {fileID: 0}
    - target: {fileID: 6472018432318644461, guid: c2afafd7b906b6a47b55fc6510afec59,
        type: 3}
      propertyPath: m_LocalRotation.z
      value: 0
      objectReference: {fileID: 0}
    - target: {fileID: 6472018432318644461, guid: c2afafd7b906b6a47b55fc6510afec59,
        type: 3}
      propertyPath: m_LocalRotation.w
      value: 1
      objectReference: {fileID: 0}
    - target: {fileID: 6472018432318644461, guid: c2afafd7b906b6a47b55fc6510afec59,
        type: 3}
      propertyPath: m_RootOrder
      value: 8
      objectReference: {fileID: 0}
    - target: {fileID: 6472018432318644461, guid: c2afafd7b906b6a47b55fc6510afec59,
        type: 3}
      propertyPath: m_LocalEulerAnglesHint.x
      value: 0
      objectReference: {fileID: 0}
    - target: {fileID: 6472018432318644461, guid: c2afafd7b906b6a47b55fc6510afec59,
        type: 3}
      propertyPath: m_LocalEulerAnglesHint.y
      value: 0
      objectReference: {fileID: 0}
    - target: {fileID: 6472018432318644461, guid: c2afafd7b906b6a47b55fc6510afec59,
        type: 3}
      propertyPath: m_LocalEulerAnglesHint.z
      value: 0
      objectReference: {fileID: 0}
    m_RemovedComponents: []
  m_SourcePrefab: {fileID: 100100000, guid: c2afafd7b906b6a47b55fc6510afec59, type: 3}
--- !u!4 &7541739448183505565 stripped
Transform:
  m_CorrespondingSourceObject: {fileID: 6472018432318644461, guid: c2afafd7b906b6a47b55fc6510afec59,
    type: 3}
  m_PrefabInstance: {fileID: 3564773277457277552}
  m_PrefabAsset: {fileID: 0}
--- !u!1001 &4833353424807815882
PrefabInstance:
  m_ObjectHideFlags: 0
  serializedVersion: 2
  m_Modification:
    m_TransformParent: {fileID: 4052585667815201789}
    m_Modifications:
    - target: {fileID: 6740386365141179517, guid: c2afafd7b906b6a47b55fc6510afec59,
        type: 3}
      propertyPath: m_Name
      value: Dot_L08
      objectReference: {fileID: 0}
    - target: {fileID: 6472018432318644461, guid: c2afafd7b906b6a47b55fc6510afec59,
        type: 3}
      propertyPath: m_LocalPosition.x
      value: -2.5
      objectReference: {fileID: 0}
    - target: {fileID: 6472018432318644461, guid: c2afafd7b906b6a47b55fc6510afec59,
        type: 3}
      propertyPath: m_LocalPosition.y
      value: 0
      objectReference: {fileID: 0}
    - target: {fileID: 6472018432318644461, guid: c2afafd7b906b6a47b55fc6510afec59,
        type: 3}
      propertyPath: m_LocalPosition.z
      value: -3.5
      objectReference: {fileID: 0}
    - target: {fileID: 6472018432318644461, guid: c2afafd7b906b6a47b55fc6510afec59,
        type: 3}
      propertyPath: m_LocalRotation.x
      value: 0
      objectReference: {fileID: 0}
    - target: {fileID: 6472018432318644461, guid: c2afafd7b906b6a47b55fc6510afec59,
        type: 3}
      propertyPath: m_LocalRotation.y
      value: 0
      objectReference: {fileID: 0}
    - target: {fileID: 6472018432318644461, guid: c2afafd7b906b6a47b55fc6510afec59,
        type: 3}
      propertyPath: m_LocalRotation.z
      value: 0
      objectReference: {fileID: 0}
    - target: {fileID: 6472018432318644461, guid: c2afafd7b906b6a47b55fc6510afec59,
        type: 3}
      propertyPath: m_LocalRotation.w
      value: 1
      objectReference: {fileID: 0}
    - target: {fileID: 6472018432318644461, guid: c2afafd7b906b6a47b55fc6510afec59,
        type: 3}
      propertyPath: m_RootOrder
      value: 4
      objectReference: {fileID: 0}
    - target: {fileID: 6472018432318644461, guid: c2afafd7b906b6a47b55fc6510afec59,
        type: 3}
      propertyPath: m_LocalEulerAnglesHint.x
      value: 0
      objectReference: {fileID: 0}
    - target: {fileID: 6472018432318644461, guid: c2afafd7b906b6a47b55fc6510afec59,
        type: 3}
      propertyPath: m_LocalEulerAnglesHint.y
      value: 0
      objectReference: {fileID: 0}
    - target: {fileID: 6472018432318644461, guid: c2afafd7b906b6a47b55fc6510afec59,
        type: 3}
      propertyPath: m_LocalEulerAnglesHint.z
      value: 0
      objectReference: {fileID: 0}
    m_RemovedComponents: []
  m_SourcePrefab: {fileID: 100100000, guid: c2afafd7b906b6a47b55fc6510afec59, type: 3}
--- !u!4 &1928313793443809831 stripped
Transform:
  m_CorrespondingSourceObject: {fileID: 6472018432318644461, guid: c2afafd7b906b6a47b55fc6510afec59,
    type: 3}
  m_PrefabInstance: {fileID: 4833353424807815882}
  m_PrefabAsset: {fileID: 0}
--- !u!1001 &5162440697346954885
PrefabInstance:
  m_ObjectHideFlags: 0
  serializedVersion: 2
  m_Modification:
    m_TransformParent: {fileID: 4052585667815201789}
    m_Modifications:
    - target: {fileID: 6740386365141179517, guid: c2afafd7b906b6a47b55fc6510afec59,
        type: 3}
      propertyPath: m_Name
      value: Dot_L29
      objectReference: {fileID: 0}
    - target: {fileID: 6740386365141179517, guid: c2afafd7b906b6a47b55fc6510afec59,
        type: 3}
      propertyPath: m_IsActive
      value: 1
      objectReference: {fileID: 0}
    - target: {fileID: 6472018432318644461, guid: c2afafd7b906b6a47b55fc6510afec59,
        type: 3}
      propertyPath: m_LocalPosition.x
      value: 0.5
      objectReference: {fileID: 0}
    - target: {fileID: 6472018432318644461, guid: c2afafd7b906b6a47b55fc6510afec59,
        type: 3}
      propertyPath: m_LocalPosition.y
      value: 0
      objectReference: {fileID: 0}
    - target: {fileID: 6472018432318644461, guid: c2afafd7b906b6a47b55fc6510afec59,
        type: 3}
      propertyPath: m_LocalPosition.z
      value: -0.5
      objectReference: {fileID: 0}
    - target: {fileID: 6472018432318644461, guid: c2afafd7b906b6a47b55fc6510afec59,
        type: 3}
      propertyPath: m_LocalRotation.x
      value: 0
      objectReference: {fileID: 0}
    - target: {fileID: 6472018432318644461, guid: c2afafd7b906b6a47b55fc6510afec59,
        type: 3}
      propertyPath: m_LocalRotation.y
      value: 0
      objectReference: {fileID: 0}
    - target: {fileID: 6472018432318644461, guid: c2afafd7b906b6a47b55fc6510afec59,
        type: 3}
      propertyPath: m_LocalRotation.z
      value: 0
      objectReference: {fileID: 0}
    - target: {fileID: 6472018432318644461, guid: c2afafd7b906b6a47b55fc6510afec59,
        type: 3}
      propertyPath: m_LocalRotation.w
      value: 1
      objectReference: {fileID: 0}
    - target: {fileID: 6472018432318644461, guid: c2afafd7b906b6a47b55fc6510afec59,
        type: 3}
      propertyPath: m_RootOrder
      value: 13
      objectReference: {fileID: 0}
    - target: {fileID: 6472018432318644461, guid: c2afafd7b906b6a47b55fc6510afec59,
        type: 3}
      propertyPath: m_LocalEulerAnglesHint.x
      value: 0
      objectReference: {fileID: 0}
    - target: {fileID: 6472018432318644461, guid: c2afafd7b906b6a47b55fc6510afec59,
        type: 3}
      propertyPath: m_LocalEulerAnglesHint.y
      value: 0
      objectReference: {fileID: 0}
    - target: {fileID: 6472018432318644461, guid: c2afafd7b906b6a47b55fc6510afec59,
        type: 3}
      propertyPath: m_LocalEulerAnglesHint.z
      value: 0
      objectReference: {fileID: 0}
    m_RemovedComponents: []
  m_SourcePrefab: {fileID: 100100000, guid: c2afafd7b906b6a47b55fc6510afec59, type: 3}
--- !u!4 &2194825385475094120 stripped
Transform:
  m_CorrespondingSourceObject: {fileID: 6472018432318644461, guid: c2afafd7b906b6a47b55fc6510afec59,
    type: 3}
  m_PrefabInstance: {fileID: 5162440697346954885}
  m_PrefabAsset: {fileID: 0}
--- !u!1001 &5549367791097092800
PrefabInstance:
  m_ObjectHideFlags: 0
  serializedVersion: 2
  m_Modification:
    m_TransformParent: {fileID: 4052585667815201789}
    m_Modifications:
    - target: {fileID: 6740386365141179517, guid: c2afafd7b906b6a47b55fc6510afec59,
        type: 3}
      propertyPath: m_Name
      value: Dot_L07
      objectReference: {fileID: 0}
    - target: {fileID: 6740386365141179517, guid: c2afafd7b906b6a47b55fc6510afec59,
        type: 3}
      propertyPath: m_IsActive
      value: 1
      objectReference: {fileID: 0}
    - target: {fileID: 6472018432318644461, guid: c2afafd7b906b6a47b55fc6510afec59,
        type: 3}
      propertyPath: m_LocalPosition.x
      value: -2.5
      objectReference: {fileID: 0}
    - target: {fileID: 6472018432318644461, guid: c2afafd7b906b6a47b55fc6510afec59,
        type: 3}
      propertyPath: m_LocalPosition.y
      value: 0
      objectReference: {fileID: 0}
    - target: {fileID: 6472018432318644461, guid: c2afafd7b906b6a47b55fc6510afec59,
        type: 3}
      propertyPath: m_LocalPosition.z
      value: -2.5
      objectReference: {fileID: 0}
    - target: {fileID: 6472018432318644461, guid: c2afafd7b906b6a47b55fc6510afec59,
        type: 3}
      propertyPath: m_LocalRotation.x
      value: 0
      objectReference: {fileID: 0}
    - target: {fileID: 6472018432318644461, guid: c2afafd7b906b6a47b55fc6510afec59,
        type: 3}
      propertyPath: m_LocalRotation.y
      value: 0
      objectReference: {fileID: 0}
    - target: {fileID: 6472018432318644461, guid: c2afafd7b906b6a47b55fc6510afec59,
        type: 3}
      propertyPath: m_LocalRotation.z
      value: 0
      objectReference: {fileID: 0}
    - target: {fileID: 6472018432318644461, guid: c2afafd7b906b6a47b55fc6510afec59,
        type: 3}
      propertyPath: m_LocalRotation.w
      value: 1
      objectReference: {fileID: 0}
    - target: {fileID: 6472018432318644461, guid: c2afafd7b906b6a47b55fc6510afec59,
        type: 3}
      propertyPath: m_RootOrder
      value: 3
      objectReference: {fileID: 0}
    - target: {fileID: 6472018432318644461, guid: c2afafd7b906b6a47b55fc6510afec59,
        type: 3}
      propertyPath: m_LocalEulerAnglesHint.x
      value: 0
      objectReference: {fileID: 0}
    - target: {fileID: 6472018432318644461, guid: c2afafd7b906b6a47b55fc6510afec59,
        type: 3}
      propertyPath: m_LocalEulerAnglesHint.y
      value: 0
      objectReference: {fileID: 0}
    - target: {fileID: 6472018432318644461, guid: c2afafd7b906b6a47b55fc6510afec59,
        type: 3}
      propertyPath: m_LocalEulerAnglesHint.z
      value: 0
      objectReference: {fileID: 0}
    m_RemovedComponents: []
  m_SourcePrefab: {fileID: 100100000, guid: c2afafd7b906b6a47b55fc6510afec59, type: 3}
--- !u!4 &1500379153259837997 stripped
Transform:
  m_CorrespondingSourceObject: {fileID: 6472018432318644461, guid: c2afafd7b906b6a47b55fc6510afec59,
    type: 3}
  m_PrefabInstance: {fileID: 5549367791097092800}
  m_PrefabAsset: {fileID: 0}
--- !u!1001 &5862590742788197000
PrefabInstance:
  m_ObjectHideFlags: 0
  serializedVersion: 2
  m_Modification:
    m_TransformParent: {fileID: 4052585667815201789}
    m_Modifications:
    - target: {fileID: 6740386365141179517, guid: c2afafd7b906b6a47b55fc6510afec59,
        type: 3}
      propertyPath: m_Name
      value: Dot_L15
      objectReference: {fileID: 0}
    - target: {fileID: 6740386365141179517, guid: c2afafd7b906b6a47b55fc6510afec59,
        type: 3}
      propertyPath: m_IsActive
      value: 1
      objectReference: {fileID: 0}
    - target: {fileID: 6472018432318644461, guid: c2afafd7b906b6a47b55fc6510afec59,
        type: 3}
      propertyPath: m_LocalPosition.x
      value: -1.5
      objectReference: {fileID: 0}
    - target: {fileID: 6472018432318644461, guid: c2afafd7b906b6a47b55fc6510afec59,
        type: 3}
      propertyPath: m_LocalPosition.y
      value: 0
      objectReference: {fileID: 0}
    - target: {fileID: 6472018432318644461, guid: c2afafd7b906b6a47b55fc6510afec59,
        type: 3}
      propertyPath: m_LocalPosition.z
      value: -2.5
      objectReference: {fileID: 0}
    - target: {fileID: 6472018432318644461, guid: c2afafd7b906b6a47b55fc6510afec59,
        type: 3}
      propertyPath: m_LocalRotation.x
      value: 0
      objectReference: {fileID: 0}
    - target: {fileID: 6472018432318644461, guid: c2afafd7b906b6a47b55fc6510afec59,
        type: 3}
      propertyPath: m_LocalRotation.y
      value: 0
      objectReference: {fileID: 0}
    - target: {fileID: 6472018432318644461, guid: c2afafd7b906b6a47b55fc6510afec59,
        type: 3}
      propertyPath: m_LocalRotation.z
      value: 0
      objectReference: {fileID: 0}
    - target: {fileID: 6472018432318644461, guid: c2afafd7b906b6a47b55fc6510afec59,
        type: 3}
      propertyPath: m_LocalRotation.w
      value: 1
      objectReference: {fileID: 0}
    - target: {fileID: 6472018432318644461, guid: c2afafd7b906b6a47b55fc6510afec59,
        type: 3}
      propertyPath: m_RootOrder
      value: 10
      objectReference: {fileID: 0}
    - target: {fileID: 6472018432318644461, guid: c2afafd7b906b6a47b55fc6510afec59,
        type: 3}
      propertyPath: m_LocalEulerAnglesHint.x
      value: 0
      objectReference: {fileID: 0}
    - target: {fileID: 6472018432318644461, guid: c2afafd7b906b6a47b55fc6510afec59,
        type: 3}
      propertyPath: m_LocalEulerAnglesHint.y
      value: 0
      objectReference: {fileID: 0}
    - target: {fileID: 6472018432318644461, guid: c2afafd7b906b6a47b55fc6510afec59,
        type: 3}
      propertyPath: m_LocalEulerAnglesHint.z
      value: 0
      objectReference: {fileID: 0}
    m_RemovedComponents: []
  m_SourcePrefab: {fileID: 100100000, guid: c2afafd7b906b6a47b55fc6510afec59, type: 3}
--- !u!4 &616185288305175141 stripped
Transform:
  m_CorrespondingSourceObject: {fileID: 6472018432318644461, guid: c2afafd7b906b6a47b55fc6510afec59,
    type: 3}
  m_PrefabInstance: {fileID: 5862590742788197000}
  m_PrefabAsset: {fileID: 0}
--- !u!1001 &6496710549642045909
PrefabInstance:
  m_ObjectHideFlags: 0
  serializedVersion: 2
  m_Modification:
    m_TransformParent: {fileID: 4052585667815201789}
    m_Modifications:
    - target: {fileID: 6740386365141179517, guid: c2afafd7b906b6a47b55fc6510afec59,
        type: 3}
      propertyPath: m_Name
      value: Dot_L39
      objectReference: {fileID: 0}
    - target: {fileID: 6740386365141179517, guid: c2afafd7b906b6a47b55fc6510afec59,
        type: 3}
      propertyPath: m_IsActive
      value: 1
      objectReference: {fileID: 0}
    - target: {fileID: 6472018432318644461, guid: c2afafd7b906b6a47b55fc6510afec59,
        type: 3}
      propertyPath: m_LocalPosition.x
      value: 1.5
      objectReference: {fileID: 0}
    - target: {fileID: 6472018432318644461, guid: c2afafd7b906b6a47b55fc6510afec59,
        type: 3}
      propertyPath: m_LocalPosition.y
      value: 0
      objectReference: {fileID: 0}
    - target: {fileID: 6472018432318644461, guid: c2afafd7b906b6a47b55fc6510afec59,
        type: 3}
      propertyPath: m_LocalPosition.z
      value: -2.5
      objectReference: {fileID: 0}
    - target: {fileID: 6472018432318644461, guid: c2afafd7b906b6a47b55fc6510afec59,
        type: 3}
      propertyPath: m_LocalRotation.x
      value: 0
      objectReference: {fileID: 0}
    - target: {fileID: 6472018432318644461, guid: c2afafd7b906b6a47b55fc6510afec59,
        type: 3}
      propertyPath: m_LocalRotation.y
      value: 0
      objectReference: {fileID: 0}
    - target: {fileID: 6472018432318644461, guid: c2afafd7b906b6a47b55fc6510afec59,
        type: 3}
      propertyPath: m_LocalRotation.z
      value: 0
      objectReference: {fileID: 0}
    - target: {fileID: 6472018432318644461, guid: c2afafd7b906b6a47b55fc6510afec59,
        type: 3}
      propertyPath: m_LocalRotation.w
      value: 1
      objectReference: {fileID: 0}
    - target: {fileID: 6472018432318644461, guid: c2afafd7b906b6a47b55fc6510afec59,
        type: 3}
      propertyPath: m_RootOrder
      value: 19
      objectReference: {fileID: 0}
    - target: {fileID: 6472018432318644461, guid: c2afafd7b906b6a47b55fc6510afec59,
        type: 3}
      propertyPath: m_LocalEulerAnglesHint.x
      value: 0
      objectReference: {fileID: 0}
    - target: {fileID: 6472018432318644461, guid: c2afafd7b906b6a47b55fc6510afec59,
        type: 3}
      propertyPath: m_LocalEulerAnglesHint.y
      value: 0
      objectReference: {fileID: 0}
    - target: {fileID: 6472018432318644461, guid: c2afafd7b906b6a47b55fc6510afec59,
        type: 3}
      propertyPath: m_LocalEulerAnglesHint.z
      value: 0
      objectReference: {fileID: 0}
    m_RemovedComponents: []
  m_SourcePrefab: {fileID: 100100000, guid: c2afafd7b906b6a47b55fc6510afec59, type: 3}
--- !u!4 &286481790574545208 stripped
Transform:
  m_CorrespondingSourceObject: {fileID: 6472018432318644461, guid: c2afafd7b906b6a47b55fc6510afec59,
    type: 3}
  m_PrefabInstance: {fileID: 6496710549642045909}
  m_PrefabAsset: {fileID: 0}
--- !u!1001 &6590443994957994370
PrefabInstance:
  m_ObjectHideFlags: 0
  serializedVersion: 2
  m_Modification:
    m_TransformParent: {fileID: 4052585667815201789}
    m_Modifications:
    - target: {fileID: 6740386365141179517, guid: c2afafd7b906b6a47b55fc6510afec59,
        type: 3}
      propertyPath: m_Name
      value: Dot_L11
      objectReference: {fileID: 0}
    - target: {fileID: 6740386365141179517, guid: c2afafd7b906b6a47b55fc6510afec59,
        type: 3}
      propertyPath: m_IsActive
      value: 1
      objectReference: {fileID: 0}
    - target: {fileID: 6472018432318644461, guid: c2afafd7b906b6a47b55fc6510afec59,
        type: 3}
      propertyPath: m_LocalPosition.x
      value: -1.5
      objectReference: {fileID: 0}
    - target: {fileID: 6472018432318644461, guid: c2afafd7b906b6a47b55fc6510afec59,
        type: 3}
      propertyPath: m_LocalPosition.y
      value: 0
      objectReference: {fileID: 0}
    - target: {fileID: 6472018432318644461, guid: c2afafd7b906b6a47b55fc6510afec59,
        type: 3}
      propertyPath: m_LocalPosition.z
      value: 1.5
      objectReference: {fileID: 0}
    - target: {fileID: 6472018432318644461, guid: c2afafd7b906b6a47b55fc6510afec59,
        type: 3}
      propertyPath: m_LocalRotation.x
      value: 0
      objectReference: {fileID: 0}
    - target: {fileID: 6472018432318644461, guid: c2afafd7b906b6a47b55fc6510afec59,
        type: 3}
      propertyPath: m_LocalRotation.y
      value: 0
      objectReference: {fileID: 0}
    - target: {fileID: 6472018432318644461, guid: c2afafd7b906b6a47b55fc6510afec59,
        type: 3}
      propertyPath: m_LocalRotation.z
      value: 0
      objectReference: {fileID: 0}
    - target: {fileID: 6472018432318644461, guid: c2afafd7b906b6a47b55fc6510afec59,
        type: 3}
      propertyPath: m_LocalRotation.w
      value: 1
      objectReference: {fileID: 0}
    - target: {fileID: 6472018432318644461, guid: c2afafd7b906b6a47b55fc6510afec59,
        type: 3}
      propertyPath: m_RootOrder
      value: 7
      objectReference: {fileID: 0}
    - target: {fileID: 6472018432318644461, guid: c2afafd7b906b6a47b55fc6510afec59,
        type: 3}
      propertyPath: m_LocalEulerAnglesHint.x
      value: 0
      objectReference: {fileID: 0}
    - target: {fileID: 6472018432318644461, guid: c2afafd7b906b6a47b55fc6510afec59,
        type: 3}
      propertyPath: m_LocalEulerAnglesHint.y
      value: 0
      objectReference: {fileID: 0}
    - target: {fileID: 6472018432318644461, guid: c2afafd7b906b6a47b55fc6510afec59,
        type: 3}
      propertyPath: m_LocalEulerAnglesHint.z
      value: 0
      objectReference: {fileID: 0}
    m_RemovedComponents: []
  m_SourcePrefab: {fileID: 100100000, guid: c2afafd7b906b6a47b55fc6510afec59, type: 3}
--- !u!4 &190505353609345391 stripped
Transform:
  m_CorrespondingSourceObject: {fileID: 6472018432318644461, guid: c2afafd7b906b6a47b55fc6510afec59,
    type: 3}
  m_PrefabInstance: {fileID: 6590443994957994370}
  m_PrefabAsset: {fileID: 0}
--- !u!1001 &6705320282789831480
PrefabInstance:
  m_ObjectHideFlags: 0
  serializedVersion: 2
  m_Modification:
    m_TransformParent: {fileID: 4052585667815201789}
    m_Modifications:
    - target: {fileID: 6740386365141179517, guid: c2afafd7b906b6a47b55fc6510afec59,
        type: 3}
      propertyPath: m_Name
      value: Dot_L38
      objectReference: {fileID: 0}
    - target: {fileID: 6740386365141179517, guid: c2afafd7b906b6a47b55fc6510afec59,
        type: 3}
      propertyPath: m_IsActive
      value: 1
      objectReference: {fileID: 0}
    - target: {fileID: 6472018432318644461, guid: c2afafd7b906b6a47b55fc6510afec59,
        type: 3}
      propertyPath: m_LocalPosition.x
      value: 1.5
      objectReference: {fileID: 0}
    - target: {fileID: 6472018432318644461, guid: c2afafd7b906b6a47b55fc6510afec59,
        type: 3}
      propertyPath: m_LocalPosition.y
      value: 0
      objectReference: {fileID: 0}
    - target: {fileID: 6472018432318644461, guid: c2afafd7b906b6a47b55fc6510afec59,
        type: 3}
      propertyPath: m_LocalPosition.z
      value: -1.5
      objectReference: {fileID: 0}
    - target: {fileID: 6472018432318644461, guid: c2afafd7b906b6a47b55fc6510afec59,
        type: 3}
      propertyPath: m_LocalRotation.x
      value: 0
      objectReference: {fileID: 0}
    - target: {fileID: 6472018432318644461, guid: c2afafd7b906b6a47b55fc6510afec59,
        type: 3}
      propertyPath: m_LocalRotation.y
      value: 0
      objectReference: {fileID: 0}
    - target: {fileID: 6472018432318644461, guid: c2afafd7b906b6a47b55fc6510afec59,
        type: 3}
      propertyPath: m_LocalRotation.z
      value: 0
      objectReference: {fileID: 0}
    - target: {fileID: 6472018432318644461, guid: c2afafd7b906b6a47b55fc6510afec59,
        type: 3}
      propertyPath: m_LocalRotation.w
      value: 1
      objectReference: {fileID: 0}
    - target: {fileID: 6472018432318644461, guid: c2afafd7b906b6a47b55fc6510afec59,
        type: 3}
      propertyPath: m_RootOrder
      value: 18
      objectReference: {fileID: 0}
    - target: {fileID: 6472018432318644461, guid: c2afafd7b906b6a47b55fc6510afec59,
        type: 3}
      propertyPath: m_LocalEulerAnglesHint.x
      value: 0
      objectReference: {fileID: 0}
    - target: {fileID: 6472018432318644461, guid: c2afafd7b906b6a47b55fc6510afec59,
        type: 3}
      propertyPath: m_LocalEulerAnglesHint.y
      value: 0
      objectReference: {fileID: 0}
    - target: {fileID: 6472018432318644461, guid: c2afafd7b906b6a47b55fc6510afec59,
        type: 3}
      propertyPath: m_LocalEulerAnglesHint.z
      value: 0
      objectReference: {fileID: 0}
    m_RemovedComponents: []
  m_SourcePrefab: {fileID: 100100000, guid: c2afafd7b906b6a47b55fc6510afec59, type: 3}
--- !u!4 &351051230950900693 stripped
Transform:
  m_CorrespondingSourceObject: {fileID: 6472018432318644461, guid: c2afafd7b906b6a47b55fc6510afec59,
    type: 3}
  m_PrefabInstance: {fileID: 6705320282789831480}
  m_PrefabAsset: {fileID: 0}
--- !u!1001 &6905477618801771499
PrefabInstance:
  m_ObjectHideFlags: 0
  serializedVersion: 2
  m_Modification:
    m_TransformParent: {fileID: 4052585667815201789}
    m_Modifications:
    - target: {fileID: 6740386365141179517, guid: c2afafd7b906b6a47b55fc6510afec59,
        type: 3}
      propertyPath: m_Name
      value: Dot_L41
      objectReference: {fileID: 0}
    - target: {fileID: 6740386365141179517, guid: c2afafd7b906b6a47b55fc6510afec59,
        type: 3}
      propertyPath: m_IsActive
      value: 1
      objectReference: {fileID: 0}
    - target: {fileID: 6472018432318644461, guid: c2afafd7b906b6a47b55fc6510afec59,
        type: 3}
      propertyPath: m_LocalPosition.x
      value: 2.5
      objectReference: {fileID: 0}
    - target: {fileID: 6472018432318644461, guid: c2afafd7b906b6a47b55fc6510afec59,
        type: 3}
      propertyPath: m_LocalPosition.y
      value: 0
      objectReference: {fileID: 0}
    - target: {fileID: 6472018432318644461, guid: c2afafd7b906b6a47b55fc6510afec59,
        type: 3}
      propertyPath: m_LocalPosition.z
      value: 3.5
      objectReference: {fileID: 0}
    - target: {fileID: 6472018432318644461, guid: c2afafd7b906b6a47b55fc6510afec59,
        type: 3}
      propertyPath: m_LocalRotation.x
      value: 0
      objectReference: {fileID: 0}
    - target: {fileID: 6472018432318644461, guid: c2afafd7b906b6a47b55fc6510afec59,
        type: 3}
      propertyPath: m_LocalRotation.y
      value: 0
      objectReference: {fileID: 0}
    - target: {fileID: 6472018432318644461, guid: c2afafd7b906b6a47b55fc6510afec59,
        type: 3}
      propertyPath: m_LocalRotation.z
      value: 0
      objectReference: {fileID: 0}
    - target: {fileID: 6472018432318644461, guid: c2afafd7b906b6a47b55fc6510afec59,
        type: 3}
      propertyPath: m_LocalRotation.w
      value: 1
      objectReference: {fileID: 0}
    - target: {fileID: 6472018432318644461, guid: c2afafd7b906b6a47b55fc6510afec59,
        type: 3}
      propertyPath: m_RootOrder
      value: 21
      objectReference: {fileID: 0}
    - target: {fileID: 6472018432318644461, guid: c2afafd7b906b6a47b55fc6510afec59,
        type: 3}
      propertyPath: m_LocalEulerAnglesHint.x
      value: 0
      objectReference: {fileID: 0}
    - target: {fileID: 6472018432318644461, guid: c2afafd7b906b6a47b55fc6510afec59,
        type: 3}
      propertyPath: m_LocalEulerAnglesHint.y
      value: 0
      objectReference: {fileID: 0}
    - target: {fileID: 6472018432318644461, guid: c2afafd7b906b6a47b55fc6510afec59,
        type: 3}
      propertyPath: m_LocalEulerAnglesHint.z
      value: 0
      objectReference: {fileID: 0}
    m_RemovedComponents: []
  m_SourcePrefab: {fileID: 100100000, guid: c2afafd7b906b6a47b55fc6510afec59, type: 3}
--- !u!4 &433494794115031814 stripped
Transform:
  m_CorrespondingSourceObject: {fileID: 6472018432318644461, guid: c2afafd7b906b6a47b55fc6510afec59,
    type: 3}
  m_PrefabInstance: {fileID: 6905477618801771499}
  m_PrefabAsset: {fileID: 0}
--- !u!1001 &7291360282565821727
PrefabInstance:
  m_ObjectHideFlags: 0
  serializedVersion: 2
  m_Modification:
    m_TransformParent: {fileID: 4052585667815201789}
    m_Modifications:
    - target: {fileID: 6740386365141179517, guid: c2afafd7b906b6a47b55fc6510afec59,
        type: 3}
      propertyPath: m_Name
      value: Dot_L21
      objectReference: {fileID: 0}
    - target: {fileID: 6472018432318644461, guid: c2afafd7b906b6a47b55fc6510afec59,
        type: 3}
      propertyPath: m_LocalPosition.x
      value: -0.5
      objectReference: {fileID: 0}
    - target: {fileID: 6472018432318644461, guid: c2afafd7b906b6a47b55fc6510afec59,
        type: 3}
      propertyPath: m_LocalPosition.y
      value: 0
      objectReference: {fileID: 0}
    - target: {fileID: 6472018432318644461, guid: c2afafd7b906b6a47b55fc6510afec59,
        type: 3}
      propertyPath: m_LocalPosition.z
      value: -0.5
      objectReference: {fileID: 0}
    - target: {fileID: 6472018432318644461, guid: c2afafd7b906b6a47b55fc6510afec59,
        type: 3}
      propertyPath: m_LocalRotation.x
      value: 0
      objectReference: {fileID: 0}
    - target: {fileID: 6472018432318644461, guid: c2afafd7b906b6a47b55fc6510afec59,
        type: 3}
      propertyPath: m_LocalRotation.y
      value: 0
      objectReference: {fileID: 0}
    - target: {fileID: 6472018432318644461, guid: c2afafd7b906b6a47b55fc6510afec59,
        type: 3}
      propertyPath: m_LocalRotation.z
      value: 0
      objectReference: {fileID: 0}
    - target: {fileID: 6472018432318644461, guid: c2afafd7b906b6a47b55fc6510afec59,
        type: 3}
      propertyPath: m_LocalRotation.w
      value: 1
      objectReference: {fileID: 0}
    - target: {fileID: 6472018432318644461, guid: c2afafd7b906b6a47b55fc6510afec59,
        type: 3}
      propertyPath: m_RootOrder
      value: 12
      objectReference: {fileID: 0}
    - target: {fileID: 6472018432318644461, guid: c2afafd7b906b6a47b55fc6510afec59,
        type: 3}
      propertyPath: m_LocalEulerAnglesHint.x
      value: 0
      objectReference: {fileID: 0}
    - target: {fileID: 6472018432318644461, guid: c2afafd7b906b6a47b55fc6510afec59,
        type: 3}
      propertyPath: m_LocalEulerAnglesHint.y
      value: 0
      objectReference: {fileID: 0}
    - target: {fileID: 6472018432318644461, guid: c2afafd7b906b6a47b55fc6510afec59,
        type: 3}
      propertyPath: m_LocalEulerAnglesHint.z
      value: 0
      objectReference: {fileID: 0}
    m_RemovedComponents: []
  m_SourcePrefab: {fileID: 100100000, guid: c2afafd7b906b6a47b55fc6510afec59, type: 3}
--- !u!4 &4386831436223112690 stripped
Transform:
  m_CorrespondingSourceObject: {fileID: 6472018432318644461, guid: c2afafd7b906b6a47b55fc6510afec59,
    type: 3}
  m_PrefabInstance: {fileID: 7291360282565821727}
  m_PrefabAsset: {fileID: 0}
--- !u!1001 &7327501789388024753
PrefabInstance:
  m_ObjectHideFlags: 0
  serializedVersion: 2
  m_Modification:
    m_TransformParent: {fileID: 4052585667815201789}
    m_Modifications:
    - target: {fileID: 6740386365141179517, guid: c2afafd7b906b6a47b55fc6510afec59,
        type: 3}
      propertyPath: m_Name
      value: Dot_L02
      objectReference: {fileID: 0}
    - target: {fileID: 6472018432318644461, guid: c2afafd7b906b6a47b55fc6510afec59,
        type: 3}
      propertyPath: m_LocalPosition.x
      value: -2.5
      objectReference: {fileID: 0}
    - target: {fileID: 6472018432318644461, guid: c2afafd7b906b6a47b55fc6510afec59,
        type: 3}
      propertyPath: m_LocalPosition.y
      value: 0
      objectReference: {fileID: 0}
    - target: {fileID: 6472018432318644461, guid: c2afafd7b906b6a47b55fc6510afec59,
        type: 3}
      propertyPath: m_LocalPosition.z
      value: 2.5
      objectReference: {fileID: 0}
    - target: {fileID: 6472018432318644461, guid: c2afafd7b906b6a47b55fc6510afec59,
        type: 3}
      propertyPath: m_LocalRotation.x
      value: 0
      objectReference: {fileID: 0}
    - target: {fileID: 6472018432318644461, guid: c2afafd7b906b6a47b55fc6510afec59,
        type: 3}
      propertyPath: m_LocalRotation.y
      value: 0
      objectReference: {fileID: 0}
    - target: {fileID: 6472018432318644461, guid: c2afafd7b906b6a47b55fc6510afec59,
        type: 3}
      propertyPath: m_LocalRotation.z
      value: 0
      objectReference: {fileID: 0}
    - target: {fileID: 6472018432318644461, guid: c2afafd7b906b6a47b55fc6510afec59,
        type: 3}
      propertyPath: m_LocalRotation.w
      value: 1
      objectReference: {fileID: 0}
    - target: {fileID: 6472018432318644461, guid: c2afafd7b906b6a47b55fc6510afec59,
        type: 3}
      propertyPath: m_RootOrder
      value: 1
      objectReference: {fileID: 0}
    - target: {fileID: 6472018432318644461, guid: c2afafd7b906b6a47b55fc6510afec59,
        type: 3}
      propertyPath: m_LocalEulerAnglesHint.x
      value: 0
      objectReference: {fileID: 0}
    - target: {fileID: 6472018432318644461, guid: c2afafd7b906b6a47b55fc6510afec59,
        type: 3}
      propertyPath: m_LocalEulerAnglesHint.y
      value: 0
      objectReference: {fileID: 0}
    - target: {fileID: 6472018432318644461, guid: c2afafd7b906b6a47b55fc6510afec59,
        type: 3}
      propertyPath: m_LocalEulerAnglesHint.z
      value: 0
      objectReference: {fileID: 0}
    m_RemovedComponents: []
  m_SourcePrefab: {fileID: 100100000, guid: c2afafd7b906b6a47b55fc6510afec59, type: 3}
--- !u!4 &4350968123287997276 stripped
Transform:
  m_CorrespondingSourceObject: {fileID: 6472018432318644461, guid: c2afafd7b906b6a47b55fc6510afec59,
    type: 3}
  m_PrefabInstance: {fileID: 7327501789388024753}
  m_PrefabAsset: {fileID: 0}
--- !u!1001 &7389927342089767030
PrefabInstance:
  m_ObjectHideFlags: 0
  serializedVersion: 2
  m_Modification:
    m_TransformParent: {fileID: 4052585667815201789}
    m_Modifications:
    - target: {fileID: 6740386365141179517, guid: c2afafd7b906b6a47b55fc6510afec59,
        type: 3}
      propertyPath: m_Name
      value: Dot_L33
      objectReference: {fileID: 0}
    - target: {fileID: 6740386365141179517, guid: c2afafd7b906b6a47b55fc6510afec59,
        type: 3}
      propertyPath: m_IsActive
      value: 1
      objectReference: {fileID: 0}
    - target: {fileID: 6472018432318644461, guid: c2afafd7b906b6a47b55fc6510afec59,
        type: 3}
      propertyPath: m_LocalPosition.x
      value: 1.5
      objectReference: {fileID: 0}
    - target: {fileID: 6472018432318644461, guid: c2afafd7b906b6a47b55fc6510afec59,
        type: 3}
      propertyPath: m_LocalPosition.y
      value: 0
      objectReference: {fileID: 0}
    - target: {fileID: 6472018432318644461, guid: c2afafd7b906b6a47b55fc6510afec59,
        type: 3}
      propertyPath: m_LocalPosition.z
      value: 3.5
      objectReference: {fileID: 0}
    - target: {fileID: 6472018432318644461, guid: c2afafd7b906b6a47b55fc6510afec59,
        type: 3}
      propertyPath: m_LocalRotation.x
      value: 0
      objectReference: {fileID: 0}
    - target: {fileID: 6472018432318644461, guid: c2afafd7b906b6a47b55fc6510afec59,
        type: 3}
      propertyPath: m_LocalRotation.y
      value: 0
      objectReference: {fileID: 0}
    - target: {fileID: 6472018432318644461, guid: c2afafd7b906b6a47b55fc6510afec59,
        type: 3}
      propertyPath: m_LocalRotation.z
      value: 0
      objectReference: {fileID: 0}
    - target: {fileID: 6472018432318644461, guid: c2afafd7b906b6a47b55fc6510afec59,
        type: 3}
      propertyPath: m_LocalRotation.w
      value: 1
      objectReference: {fileID: 0}
    - target: {fileID: 6472018432318644461, guid: c2afafd7b906b6a47b55fc6510afec59,
        type: 3}
      propertyPath: m_RootOrder
      value: 14
      objectReference: {fileID: 0}
    - target: {fileID: 6472018432318644461, guid: c2afafd7b906b6a47b55fc6510afec59,
        type: 3}
      propertyPath: m_LocalEulerAnglesHint.x
      value: 0
      objectReference: {fileID: 0}
    - target: {fileID: 6472018432318644461, guid: c2afafd7b906b6a47b55fc6510afec59,
        type: 3}
      propertyPath: m_LocalEulerAnglesHint.y
      value: 0
      objectReference: {fileID: 0}
    - target: {fileID: 6472018432318644461, guid: c2afafd7b906b6a47b55fc6510afec59,
        type: 3}
      propertyPath: m_LocalEulerAnglesHint.z
      value: 0
      objectReference: {fileID: 0}
    m_RemovedComponents: []
  m_SourcePrefab: {fileID: 100100000, guid: c2afafd7b906b6a47b55fc6510afec59, type: 3}
--- !u!4 &4566493594262120603 stripped
Transform:
  m_CorrespondingSourceObject: {fileID: 6472018432318644461, guid: c2afafd7b906b6a47b55fc6510afec59,
    type: 3}
  m_PrefabInstance: {fileID: 7389927342089767030}
  m_PrefabAsset: {fileID: 0}
--- !u!1001 &7518371922964454994
PrefabInstance:
  m_ObjectHideFlags: 0
  serializedVersion: 2
  m_Modification:
    m_TransformParent: {fileID: 4052585667815201789}
    m_Modifications:
    - target: {fileID: 6740386365141179517, guid: c2afafd7b906b6a47b55fc6510afec59,
        type: 3}
      propertyPath: m_Name
      value: Dot_L34
      objectReference: {fileID: 0}
    - target: {fileID: 6740386365141179517, guid: c2afafd7b906b6a47b55fc6510afec59,
        type: 3}
      propertyPath: m_IsActive
      value: 1
      objectReference: {fileID: 0}
    - target: {fileID: 6472018432318644461, guid: c2afafd7b906b6a47b55fc6510afec59,
        type: 3}
      propertyPath: m_LocalPosition.x
      value: 1.5
      objectReference: {fileID: 0}
    - target: {fileID: 6472018432318644461, guid: c2afafd7b906b6a47b55fc6510afec59,
        type: 3}
      propertyPath: m_LocalPosition.y
      value: 0
      objectReference: {fileID: 0}
    - target: {fileID: 6472018432318644461, guid: c2afafd7b906b6a47b55fc6510afec59,
        type: 3}
      propertyPath: m_LocalPosition.z
      value: 2.5
      objectReference: {fileID: 0}
    - target: {fileID: 6472018432318644461, guid: c2afafd7b906b6a47b55fc6510afec59,
        type: 3}
      propertyPath: m_LocalRotation.x
      value: 0
      objectReference: {fileID: 0}
    - target: {fileID: 6472018432318644461, guid: c2afafd7b906b6a47b55fc6510afec59,
        type: 3}
      propertyPath: m_LocalRotation.y
      value: 0
      objectReference: {fileID: 0}
    - target: {fileID: 6472018432318644461, guid: c2afafd7b906b6a47b55fc6510afec59,
        type: 3}
      propertyPath: m_LocalRotation.z
      value: 0
      objectReference: {fileID: 0}
    - target: {fileID: 6472018432318644461, guid: c2afafd7b906b6a47b55fc6510afec59,
        type: 3}
      propertyPath: m_LocalRotation.w
      value: 1
      objectReference: {fileID: 0}
    - target: {fileID: 6472018432318644461, guid: c2afafd7b906b6a47b55fc6510afec59,
        type: 3}
      propertyPath: m_RootOrder
      value: 15
      objectReference: {fileID: 0}
    - target: {fileID: 6472018432318644461, guid: c2afafd7b906b6a47b55fc6510afec59,
        type: 3}
      propertyPath: m_LocalEulerAnglesHint.x
      value: 0
      objectReference: {fileID: 0}
    - target: {fileID: 6472018432318644461, guid: c2afafd7b906b6a47b55fc6510afec59,
        type: 3}
      propertyPath: m_LocalEulerAnglesHint.y
      value: 0
      objectReference: {fileID: 0}
    - target: {fileID: 6472018432318644461, guid: c2afafd7b906b6a47b55fc6510afec59,
        type: 3}
      propertyPath: m_LocalEulerAnglesHint.z
      value: 0
      objectReference: {fileID: 0}
    m_RemovedComponents: []
  m_SourcePrefab: {fileID: 100100000, guid: c2afafd7b906b6a47b55fc6510afec59, type: 3}
--- !u!4 &3569002749455711935 stripped
Transform:
  m_CorrespondingSourceObject: {fileID: 6472018432318644461, guid: c2afafd7b906b6a47b55fc6510afec59,
    type: 3}
  m_PrefabInstance: {fileID: 7518371922964454994}
  m_PrefabAsset: {fileID: 0}
--- !u!1001 &7791214291900155449
PrefabInstance:
  m_ObjectHideFlags: 0
  serializedVersion: 2
  m_Modification:
    m_TransformParent: {fileID: 4052585667815201789}
    m_Modifications:
    - target: {fileID: 6740386365141179517, guid: c2afafd7b906b6a47b55fc6510afec59,
        type: 3}
      propertyPath: m_Name
      value: Dot_L47
      objectReference: {fileID: 0}
    - target: {fileID: 6740386365141179517, guid: c2afafd7b906b6a47b55fc6510afec59,
        type: 3}
      propertyPath: m_IsActive
      value: 1
      objectReference: {fileID: 0}
    - target: {fileID: 6472018432318644461, guid: c2afafd7b906b6a47b55fc6510afec59,
        type: 3}
      propertyPath: m_LocalPosition.x
      value: 2.5
      objectReference: {fileID: 0}
    - target: {fileID: 6472018432318644461, guid: c2afafd7b906b6a47b55fc6510afec59,
        type: 3}
      propertyPath: m_LocalPosition.y
      value: 0
      objectReference: {fileID: 0}
    - target: {fileID: 6472018432318644461, guid: c2afafd7b906b6a47b55fc6510afec59,
        type: 3}
      propertyPath: m_LocalPosition.z
      value: -2.5
      objectReference: {fileID: 0}
    - target: {fileID: 6472018432318644461, guid: c2afafd7b906b6a47b55fc6510afec59,
        type: 3}
      propertyPath: m_LocalRotation.x
      value: 0
      objectReference: {fileID: 0}
    - target: {fileID: 6472018432318644461, guid: c2afafd7b906b6a47b55fc6510afec59,
        type: 3}
      propertyPath: m_LocalRotation.y
      value: 0
      objectReference: {fileID: 0}
    - target: {fileID: 6472018432318644461, guid: c2afafd7b906b6a47b55fc6510afec59,
        type: 3}
      propertyPath: m_LocalRotation.z
      value: 0
      objectReference: {fileID: 0}
    - target: {fileID: 6472018432318644461, guid: c2afafd7b906b6a47b55fc6510afec59,
        type: 3}
      propertyPath: m_LocalRotation.w
      value: 1
      objectReference: {fileID: 0}
    - target: {fileID: 6472018432318644461, guid: c2afafd7b906b6a47b55fc6510afec59,
        type: 3}
      propertyPath: m_RootOrder
      value: 24
      objectReference: {fileID: 0}
    - target: {fileID: 6472018432318644461, guid: c2afafd7b906b6a47b55fc6510afec59,
        type: 3}
      propertyPath: m_LocalEulerAnglesHint.x
      value: 0
      objectReference: {fileID: 0}
    - target: {fileID: 6472018432318644461, guid: c2afafd7b906b6a47b55fc6510afec59,
        type: 3}
      propertyPath: m_LocalEulerAnglesHint.y
      value: 0
      objectReference: {fileID: 0}
    - target: {fileID: 6472018432318644461, guid: c2afafd7b906b6a47b55fc6510afec59,
        type: 3}
      propertyPath: m_LocalEulerAnglesHint.z
      value: 0
      objectReference: {fileID: 0}
    m_RemovedComponents: []
  m_SourcePrefab: {fileID: 100100000, guid: c2afafd7b906b6a47b55fc6510afec59, type: 3}
--- !u!4 &3877263271988160212 stripped
Transform:
  m_CorrespondingSourceObject: {fileID: 6472018432318644461, guid: c2afafd7b906b6a47b55fc6510afec59,
    type: 3}
  m_PrefabInstance: {fileID: 7791214291900155449}
  m_PrefabAsset: {fileID: 0}
--- !u!1001 &8797018802419705798
PrefabInstance:
  m_ObjectHideFlags: 0
  serializedVersion: 2
  m_Modification:
    m_TransformParent: {fileID: 4052585667815201789}
    m_Modifications:
    - target: {fileID: 6740386365141179517, guid: c2afafd7b906b6a47b55fc6510afec59,
        type: 3}
      propertyPath: m_Name
      value: Dot_L01
      objectReference: {fileID: 0}
    - target: {fileID: 6472018432318644461, guid: c2afafd7b906b6a47b55fc6510afec59,
        type: 3}
      propertyPath: m_LocalPosition.x
      value: -2.5
      objectReference: {fileID: 0}
    - target: {fileID: 6472018432318644461, guid: c2afafd7b906b6a47b55fc6510afec59,
        type: 3}
      propertyPath: m_LocalPosition.y
      value: 0
      objectReference: {fileID: 0}
    - target: {fileID: 6472018432318644461, guid: c2afafd7b906b6a47b55fc6510afec59,
        type: 3}
      propertyPath: m_LocalPosition.z
      value: 3.5
      objectReference: {fileID: 0}
    - target: {fileID: 6472018432318644461, guid: c2afafd7b906b6a47b55fc6510afec59,
        type: 3}
      propertyPath: m_LocalRotation.x
      value: 0
      objectReference: {fileID: 0}
    - target: {fileID: 6472018432318644461, guid: c2afafd7b906b6a47b55fc6510afec59,
        type: 3}
      propertyPath: m_LocalRotation.y
      value: 0
      objectReference: {fileID: 0}
    - target: {fileID: 6472018432318644461, guid: c2afafd7b906b6a47b55fc6510afec59,
        type: 3}
      propertyPath: m_LocalRotation.z
      value: 0
      objectReference: {fileID: 0}
    - target: {fileID: 6472018432318644461, guid: c2afafd7b906b6a47b55fc6510afec59,
        type: 3}
      propertyPath: m_LocalRotation.w
      value: 1
      objectReference: {fileID: 0}
    - target: {fileID: 6472018432318644461, guid: c2afafd7b906b6a47b55fc6510afec59,
        type: 3}
      propertyPath: m_RootOrder
      value: 0
      objectReference: {fileID: 0}
    - target: {fileID: 6472018432318644461, guid: c2afafd7b906b6a47b55fc6510afec59,
        type: 3}
      propertyPath: m_LocalEulerAnglesHint.x
      value: 0
      objectReference: {fileID: 0}
    - target: {fileID: 6472018432318644461, guid: c2afafd7b906b6a47b55fc6510afec59,
        type: 3}
      propertyPath: m_LocalEulerAnglesHint.y
      value: 0
      objectReference: {fileID: 0}
    - target: {fileID: 6472018432318644461, guid: c2afafd7b906b6a47b55fc6510afec59,
        type: 3}
      propertyPath: m_LocalEulerAnglesHint.z
      value: 0
      objectReference: {fileID: 0}
    m_RemovedComponents: []
  m_SourcePrefab: {fileID: 100100000, guid: c2afafd7b906b6a47b55fc6510afec59, type: 3}
--- !u!4 &2577311911872464683 stripped
Transform:
  m_CorrespondingSourceObject: {fileID: 6472018432318644461, guid: c2afafd7b906b6a47b55fc6510afec59,
    type: 3}
  m_PrefabInstance: {fileID: 8797018802419705798}
  m_PrefabAsset: {fileID: 0}
--- !u!1001 &9210379742304455088
PrefabInstance:
  m_ObjectHideFlags: 0
  serializedVersion: 2
  m_Modification:
    m_TransformParent: {fileID: 4052585667815201789}
    m_Modifications:
    - target: {fileID: 6740386365141179517, guid: c2afafd7b906b6a47b55fc6510afec59,
        type: 3}
      propertyPath: m_Name
      value: Dot_L10
      objectReference: {fileID: 0}
    - target: {fileID: 6740386365141179517, guid: c2afafd7b906b6a47b55fc6510afec59,
        type: 3}
      propertyPath: m_IsActive
      value: 1
      objectReference: {fileID: 0}
    - target: {fileID: 6472018432318644461, guid: c2afafd7b906b6a47b55fc6510afec59,
        type: 3}
      propertyPath: m_LocalPosition.x
      value: -1.5
      objectReference: {fileID: 0}
    - target: {fileID: 6472018432318644461, guid: c2afafd7b906b6a47b55fc6510afec59,
        type: 3}
      propertyPath: m_LocalPosition.y
      value: 0
      objectReference: {fileID: 0}
    - target: {fileID: 6472018432318644461, guid: c2afafd7b906b6a47b55fc6510afec59,
        type: 3}
      propertyPath: m_LocalPosition.z
      value: 2.5
      objectReference: {fileID: 0}
    - target: {fileID: 6472018432318644461, guid: c2afafd7b906b6a47b55fc6510afec59,
        type: 3}
      propertyPath: m_LocalRotation.x
      value: 0
      objectReference: {fileID: 0}
    - target: {fileID: 6472018432318644461, guid: c2afafd7b906b6a47b55fc6510afec59,
        type: 3}
      propertyPath: m_LocalRotation.y
      value: 0
      objectReference: {fileID: 0}
    - target: {fileID: 6472018432318644461, guid: c2afafd7b906b6a47b55fc6510afec59,
        type: 3}
      propertyPath: m_LocalRotation.z
      value: 0
      objectReference: {fileID: 0}
    - target: {fileID: 6472018432318644461, guid: c2afafd7b906b6a47b55fc6510afec59,
        type: 3}
      propertyPath: m_LocalRotation.w
      value: 1
      objectReference: {fileID: 0}
    - target: {fileID: 6472018432318644461, guid: c2afafd7b906b6a47b55fc6510afec59,
        type: 3}
      propertyPath: m_RootOrder
      value: 6
      objectReference: {fileID: 0}
    - target: {fileID: 6472018432318644461, guid: c2afafd7b906b6a47b55fc6510afec59,
        type: 3}
      propertyPath: m_LocalEulerAnglesHint.x
      value: 0
      objectReference: {fileID: 0}
    - target: {fileID: 6472018432318644461, guid: c2afafd7b906b6a47b55fc6510afec59,
        type: 3}
      propertyPath: m_LocalEulerAnglesHint.y
      value: 0
      objectReference: {fileID: 0}
    - target: {fileID: 6472018432318644461, guid: c2afafd7b906b6a47b55fc6510afec59,
        type: 3}
      propertyPath: m_LocalEulerAnglesHint.z
      value: 0
      objectReference: {fileID: 0}
    m_RemovedComponents: []
  m_SourcePrefab: {fileID: 100100000, guid: c2afafd7b906b6a47b55fc6510afec59, type: 3}
--- !u!4 &2738450166555142493 stripped
Transform:
  m_CorrespondingSourceObject: {fileID: 6472018432318644461, guid: c2afafd7b906b6a47b55fc6510afec59,
    type: 3}
  m_PrefabInstance: {fileID: 9210379742304455088}
  m_PrefabAsset: {fileID: 0}
