%YAML 1.1
%TAG !u! tag:unity3d.com,2011:
--- !u!1 &279036374501722254
GameObject:
  m_ObjectHideFlags: 0
  m_CorrespondingSourceObject: {fileID: 0}
  m_PrefabInstance: {fileID: 0}
  m_PrefabAsset: {fileID: 0}
  serializedVersion: 6
  m_Component:
  - component: {fileID: 3174636097546353235}
  - component: {fileID: 898201372048766619}
  - component: {fileID: 5584328999015173437}
  m_Layer: 13
  m_Name: Cube01
  m_TagString: Untagged
  m_Icon: {fileID: 0}
  m_NavMeshLayer: 0
  m_StaticEditorFlags: 0
  m_IsActive: 1
--- !u!4 &3174636097546353235
Transform:
  m_ObjectHideFlags: 0
  m_CorrespondingSourceObject: {fileID: 0}
  m_PrefabInstance: {fileID: 0}
  m_PrefabAsset: {fileID: 0}
  m_GameObject: {fileID: 279036374501722254}
  m_LocalRotation: {x: -0, y: -0, z: -0, w: 1}
  m_LocalPosition: {x: 0, y: 0, z: 0.25}
  m_LocalScale: {x: 5, y: 0.03, z: 0.03}
  m_Children: []
  m_Father: {fileID: 1397046519245937424}
  m_RootOrder: 4
  m_LocalEulerAnglesHint: {x: 0, y: 0, z: 0}
--- !u!33 &898201372048766619
MeshFilter:
  m_ObjectHideFlags: 0
  m_CorrespondingSourceObject: {fileID: 0}
  m_PrefabInstance: {fileID: 0}
  m_PrefabAsset: {fileID: 0}
  m_GameObject: {fileID: 279036374501722254}
  m_Mesh: {fileID: 10202, guid: 0000000000000000e000000000000000, type: 0}
--- !u!23 &5584328999015173437
MeshRenderer:
  m_ObjectHideFlags: 0
  m_CorrespondingSourceObject: {fileID: 0}
  m_PrefabInstance: {fileID: 0}
  m_PrefabAsset: {fileID: 0}
  m_GameObject: {fileID: 279036374501722254}
  m_Enabled: 1
  m_CastShadows: 1
  m_ReceiveShadows: 1
  m_DynamicOccludee: 1
  m_MotionVectors: 1
  m_LightProbeUsage: 1
  m_ReflectionProbeUsage: 1
  m_RenderingLayerMask: 1
  m_RendererPriority: 0
  m_Materials:
  - {fileID: 2100000, guid: 74575fc0782e2924bb1c2c537f35ee9c, type: 2}
  m_StaticBatchInfo:
    firstSubMesh: 0
    subMeshCount: 0
  m_StaticBatchRoot: {fileID: 0}
  m_ProbeAnchor: {fileID: 0}
  m_LightProbeVolumeOverride: {fileID: 0}
  m_ScaleInLightmap: 1
  m_PreserveUVs: 0
  m_IgnoreNormalsForChartDetection: 0
  m_ImportantGI: 0
  m_StitchLightmapSeams: 0
  m_SelectedEditorRenderState: 3
  m_MinimumChartSize: 4
  m_AutoUVMaxDistance: 0.5
  m_AutoUVMaxAngle: 89
  m_LightmapParameters: {fileID: 0}
  m_SortingLayerID: 0
  m_SortingLayer: 0
  m_SortingOrder: 0
--- !u!1 &693321406164005872
GameObject:
  m_ObjectHideFlags: 0
  m_CorrespondingSourceObject: {fileID: 0}
  m_PrefabInstance: {fileID: 0}
  m_PrefabAsset: {fileID: 0}
  serializedVersion: 6
  m_Component:
  - component: {fileID: 897832208482968096}
  - component: {fileID: 1046743663544057347}
  - component: {fileID: 5608695131171501113}
  m_Layer: 13
  m_Name: Cube08
  m_TagString: Untagged
  m_Icon: {fileID: 0}
  m_NavMeshLayer: 0
  m_StaticEditorFlags: 0
  m_IsActive: 1
--- !u!4 &897832208482968096
Transform:
  m_ObjectHideFlags: 0
  m_CorrespondingSourceObject: {fileID: 0}
  m_PrefabInstance: {fileID: 0}
  m_PrefabAsset: {fileID: 0}
  m_GameObject: {fileID: 693321406164005872}
  m_LocalRotation: {x: -0, y: 0.7071068, z: -0, w: 0.7071068}
  m_LocalPosition: {x: -0.10000002, y: 0, z: 0}
  m_LocalScale: {x: 0.23, y: 0.03, z: 0.03}
  m_Children: []
  m_Father: {fileID: 58118276265305698}
  m_RootOrder: 7
  m_LocalEulerAnglesHint: {x: 0, y: 0, z: 0}
--- !u!33 &1046743663544057347
MeshFilter:
  m_ObjectHideFlags: 0
  m_CorrespondingSourceObject: {fileID: 0}
  m_PrefabInstance: {fileID: 0}
  m_PrefabAsset: {fileID: 0}
  m_GameObject: {fileID: 693321406164005872}
  m_Mesh: {fileID: 10202, guid: 0000000000000000e000000000000000, type: 0}
--- !u!23 &5608695131171501113
MeshRenderer:
  m_ObjectHideFlags: 0
  m_CorrespondingSourceObject: {fileID: 0}
  m_PrefabInstance: {fileID: 0}
  m_PrefabAsset: {fileID: 0}
  m_GameObject: {fileID: 693321406164005872}
  m_Enabled: 1
  m_CastShadows: 1
  m_ReceiveShadows: 1
  m_DynamicOccludee: 1
  m_MotionVectors: 1
  m_LightProbeUsage: 1
  m_ReflectionProbeUsage: 1
  m_RenderingLayerMask: 1
  m_RendererPriority: 0
  m_Materials:
  - {fileID: 2100000, guid: 74575fc0782e2924bb1c2c537f35ee9c, type: 2}
  m_StaticBatchInfo:
    firstSubMesh: 0
    subMeshCount: 0
  m_StaticBatchRoot: {fileID: 0}
  m_ProbeAnchor: {fileID: 0}
  m_LightProbeVolumeOverride: {fileID: 0}
  m_ScaleInLightmap: 1
  m_PreserveUVs: 0
  m_IgnoreNormalsForChartDetection: 0
  m_ImportantGI: 0
  m_StitchLightmapSeams: 0
  m_SelectedEditorRenderState: 3
  m_MinimumChartSize: 4
  m_AutoUVMaxDistance: 0.5
  m_AutoUVMaxAngle: 89
  m_LightmapParameters: {fileID: 0}
  m_SortingLayerID: 0
  m_SortingLayer: 0
  m_SortingOrder: 0
--- !u!1 &1424359799737490162
GameObject:
  m_ObjectHideFlags: 0
  m_CorrespondingSourceObject: {fileID: 0}
  m_PrefabInstance: {fileID: 0}
  m_PrefabAsset: {fileID: 0}
  serializedVersion: 6
  m_Component:
  - component: {fileID: 7967214268893017904}
  - component: {fileID: 7710745365565792534}
  - component: {fileID: 7180658474279934629}
  m_Layer: 13
  m_Name: Cube09
  m_TagString: Untagged
  m_Icon: {fileID: 0}
  m_NavMeshLayer: 0
  m_StaticEditorFlags: 0
  m_IsActive: 1
--- !u!4 &7967214268893017904
Transform:
  m_ObjectHideFlags: 0
  m_CorrespondingSourceObject: {fileID: 0}
  m_PrefabInstance: {fileID: 0}
  m_PrefabAsset: {fileID: 0}
  m_GameObject: {fileID: 1424359799737490162}
  m_LocalRotation: {x: -0, y: -0, z: -0, w: 1}
  m_LocalPosition: {x: 0, y: 0, z: 0.175}
  m_LocalScale: {x: 0.38, y: 0.03, z: 0.03}
  m_Children: []
  m_Father: {fileID: 8007071017386040870}
  m_RootOrder: 4
  m_LocalEulerAnglesHint: {x: 0, y: 0, z: 0}
--- !u!33 &7710745365565792534
MeshFilter:
  m_ObjectHideFlags: 0
  m_CorrespondingSourceObject: {fileID: 0}
  m_PrefabInstance: {fileID: 0}
  m_PrefabAsset: {fileID: 0}
  m_GameObject: {fileID: 1424359799737490162}
  m_Mesh: {fileID: 10202, guid: 0000000000000000e000000000000000, type: 0}
--- !u!23 &7180658474279934629
MeshRenderer:
  m_ObjectHideFlags: 0
  m_CorrespondingSourceObject: {fileID: 0}
  m_PrefabInstance: {fileID: 0}
  m_PrefabAsset: {fileID: 0}
  m_GameObject: {fileID: 1424359799737490162}
  m_Enabled: 1
  m_CastShadows: 1
  m_ReceiveShadows: 1
  m_DynamicOccludee: 1
  m_MotionVectors: 1
  m_LightProbeUsage: 1
  m_ReflectionProbeUsage: 1
  m_RenderingLayerMask: 1
  m_RendererPriority: 0
  m_Materials:
  - {fileID: 2100000, guid: 74575fc0782e2924bb1c2c537f35ee9c, type: 2}
  m_StaticBatchInfo:
    firstSubMesh: 0
    subMeshCount: 0
  m_StaticBatchRoot: {fileID: 0}
  m_ProbeAnchor: {fileID: 0}
  m_LightProbeVolumeOverride: {fileID: 0}
  m_ScaleInLightmap: 1
  m_PreserveUVs: 0
  m_IgnoreNormalsForChartDetection: 0
  m_ImportantGI: 0
  m_StitchLightmapSeams: 0
  m_SelectedEditorRenderState: 3
  m_MinimumChartSize: 4
  m_AutoUVMaxDistance: 0.5
  m_AutoUVMaxAngle: 89
  m_LightmapParameters: {fileID: 0}
  m_SortingLayerID: 0
  m_SortingLayer: 0
  m_SortingOrder: 0
--- !u!1 &1707822287139972579
GameObject:
  m_ObjectHideFlags: 0
  m_CorrespondingSourceObject: {fileID: 0}
  m_PrefabInstance: {fileID: 0}
  m_PrefabAsset: {fileID: 0}
  serializedVersion: 6
  m_Component:
  - component: {fileID: 656536915824853228}
  - component: {fileID: 4408646336458380295}
  - component: {fileID: 4827180943800173421}
  m_Layer: 13
  m_Name: Cube10
  m_TagString: Untagged
  m_Icon: {fileID: 0}
  m_NavMeshLayer: 0
  m_StaticEditorFlags: 0
  m_IsActive: 1
--- !u!4 &656536915824853228
Transform:
  m_ObjectHideFlags: 0
  m_CorrespondingSourceObject: {fileID: 0}
  m_PrefabInstance: {fileID: 0}
  m_PrefabAsset: {fileID: 0}
  m_GameObject: {fileID: 1707822287139972579}
  m_LocalRotation: {x: -0, y: -0, z: -0, w: 1}
  m_LocalPosition: {x: 0, y: 0, z: -0.175}
  m_LocalScale: {x: 0.38, y: 0.03, z: 0.03}
  m_Children: []
  m_Father: {fileID: 8007071017386040870}
  m_RootOrder: 5
  m_LocalEulerAnglesHint: {x: 0, y: 0, z: 0}
--- !u!33 &4408646336458380295
MeshFilter:
  m_ObjectHideFlags: 0
  m_CorrespondingSourceObject: {fileID: 0}
  m_PrefabInstance: {fileID: 0}
  m_PrefabAsset: {fileID: 0}
  m_GameObject: {fileID: 1707822287139972579}
  m_Mesh: {fileID: 10202, guid: 0000000000000000e000000000000000, type: 0}
--- !u!23 &4827180943800173421
MeshRenderer:
  m_ObjectHideFlags: 0
  m_CorrespondingSourceObject: {fileID: 0}
  m_PrefabInstance: {fileID: 0}
  m_PrefabAsset: {fileID: 0}
  m_GameObject: {fileID: 1707822287139972579}
  m_Enabled: 1
  m_CastShadows: 1
  m_ReceiveShadows: 1
  m_DynamicOccludee: 1
  m_MotionVectors: 1
  m_LightProbeUsage: 1
  m_ReflectionProbeUsage: 1
  m_RenderingLayerMask: 1
  m_RendererPriority: 0
  m_Materials:
  - {fileID: 2100000, guid: 74575fc0782e2924bb1c2c537f35ee9c, type: 2}
  m_StaticBatchInfo:
    firstSubMesh: 0
    subMeshCount: 0
  m_StaticBatchRoot: {fileID: 0}
  m_ProbeAnchor: {fileID: 0}
  m_LightProbeVolumeOverride: {fileID: 0}
  m_ScaleInLightmap: 1
  m_PreserveUVs: 0
  m_IgnoreNormalsForChartDetection: 0
  m_ImportantGI: 0
  m_StitchLightmapSeams: 0
  m_SelectedEditorRenderState: 3
  m_MinimumChartSize: 4
  m_AutoUVMaxDistance: 0.5
  m_AutoUVMaxAngle: 89
  m_LightmapParameters: {fileID: 0}
  m_SortingLayerID: 0
  m_SortingLayer: 0
  m_SortingOrder: 0
--- !u!1 &1880642483389529206
GameObject:
  m_ObjectHideFlags: 0
  m_CorrespondingSourceObject: {fileID: 0}
  m_PrefabInstance: {fileID: 0}
  m_PrefabAsset: {fileID: 0}
  serializedVersion: 6
  m_Component:
  - component: {fileID: 8007071017386040870}
  m_Layer: 13
  m_Name: Player03
  m_TagString: Untagged
  m_Icon: {fileID: 0}
  m_NavMeshLayer: 0
  m_StaticEditorFlags: 0
  m_IsActive: 1
--- !u!4 &8007071017386040870
Transform:
  m_ObjectHideFlags: 0
  m_CorrespondingSourceObject: {fileID: 0}
  m_PrefabInstance: {fileID: 0}
  m_PrefabAsset: {fileID: 0}
  m_GameObject: {fileID: 1880642483389529206}
  m_LocalRotation: {x: -0, y: -0, z: -0, w: 1}
  m_LocalPosition: {x: 0, y: 0, z: 0}
  m_LocalScale: {x: 1, y: 1, z: 1}
  m_Children:
  - {fileID: 92805344217308626}
  - {fileID: 6869585069848208275}
  - {fileID: 464231938124925918}
  - {fileID: 6146124284574272858}
  - {fileID: 7967214268893017904}
  - {fileID: 656536915824853228}
  - {fileID: 970573949295686900}
  - {fileID: 5083885957327434799}
  m_Father: {fileID: 6361509440459879227}
  m_RootOrder: 2
  m_LocalEulerAnglesHint: {x: 0, y: 0, z: 0}
--- !u!1 &2035476502063445132
GameObject:
  m_ObjectHideFlags: 0
  m_CorrespondingSourceObject: {fileID: 0}
  m_PrefabInstance: {fileID: 0}
  m_PrefabAsset: {fileID: 0}
  serializedVersion: 6
  m_Component:
  - component: {fileID: 7663857593525252381}
  - component: {fileID: 3269908672311033166}
  - component: {fileID: 1813998823266652401}
  m_Layer: 13
  m_Name: Player1
  m_TagString: Untagged
  m_Icon: {fileID: 0}
  m_NavMeshLayer: 0
  m_StaticEditorFlags: 0
  m_IsActive: 1
--- !u!4 &7663857593525252381
Transform:
  m_ObjectHideFlags: 0
  m_CorrespondingSourceObject: {fileID: 0}
  m_PrefabInstance: {fileID: 0}
  m_PrefabAsset: {fileID: 0}
  m_GameObject: {fileID: 2035476502063445132}
  m_LocalRotation: {x: 0, y: 0, z: 0, w: 1}
  m_LocalPosition: {x: 0, y: 0, z: 0}
  m_LocalScale: {x: 1, y: 1, z: 1}
  m_Children:
  - {fileID: 3308798314832921803}
  - {fileID: 2447891620476871696}
  m_Father: {fileID: 0}
  m_RootOrder: 0
  m_LocalEulerAnglesHint: {x: 0, y: 0, z: 0}
--- !u!54 &3269908672311033166
Rigidbody:
  m_ObjectHideFlags: 0
  m_CorrespondingSourceObject: {fileID: 0}
  m_PrefabInstance: {fileID: 0}
  m_PrefabAsset: {fileID: 0}
  m_GameObject: {fileID: 2035476502063445132}
  serializedVersion: 2
  m_Mass: 10
  m_Drag: 20
  m_AngularDrag: 0.05
  m_UseGravity: 0
  m_IsKinematic: 1
  m_Interpolate: 0
  m_Constraints: 84
  m_CollisionDetection: 0
--- !u!114 &1813998823266652401
MonoBehaviour:
  m_ObjectHideFlags: 0
  m_CorrespondingSourceObject: {fileID: 0}
  m_PrefabInstance: {fileID: 0}
  m_PrefabAsset: {fileID: 0}
  m_GameObject: {fileID: 2035476502063445132}
  m_Enabled: 1
  m_EditorHideFlags: 0
  m_Script: {fileID: 11500000, guid: ae3f3b5d0d944344885b89d595070a3d, type: 3}
  m_Name: 
  m_EditorClassIdentifier: 
  gameKeeper: {fileID: 0}
  explosionPrefab: {fileID: 1659702827536161635, guid: 174cf9ea1bddd9141aae5eb6357e468f,
    type: 3}
  levelUpPrefab: {fileID: 6622736117991444729, guid: cb4e2c07de445e344a5564c049cb505a,
    type: 3}
  bulletTimeEffect: {fileID: 1806480872533901543}
  targetVelocity: 20
  targetVelocityCache: 0
  horizontalKeyInput: 0
  horizontalKeyInput2: 0
  horizontalKeyInput3: 0
  bulletTime: 0.1
  bulletTimeScale: 0.1
  analogPadFlag: 0
  leftMoveFlag: 0
  rightMoveFlag: 0
--- !u!1 &2907011105970595249
GameObject:
  m_ObjectHideFlags: 0
  m_CorrespondingSourceObject: {fileID: 0}
  m_PrefabInstance: {fileID: 0}
  m_PrefabAsset: {fileID: 0}
  serializedVersion: 6
  m_Component:
  - component: {fileID: 5033210725441358524}
  - component: {fileID: 5721375732315037466}
  - component: {fileID: 6813473366577396522}
  m_Layer: 13
  m_Name: Cube06
  m_TagString: Untagged
  m_Icon: {fileID: 0}
  m_NavMeshLayer: 0
  m_StaticEditorFlags: 0
  m_IsActive: 1
--- !u!4 &5033210725441358524
Transform:
  m_ObjectHideFlags: 0
  m_CorrespondingSourceObject: {fileID: 0}
  m_PrefabInstance: {fileID: 0}
  m_PrefabAsset: {fileID: 0}
  m_GameObject: {fileID: 2907011105970595249}
  m_LocalRotation: {x: -0, y: -0, z: -0, w: 1}
  m_LocalPosition: {x: 0, y: 0, z: -0.1}
  m_LocalScale: {x: 0.23, y: 0.03, z: 0.03}
  m_Children: []
  m_Father: {fileID: 58118276265305698}
  m_RootOrder: 5
  m_LocalEulerAnglesHint: {x: 0, y: 0, z: 0}
--- !u!33 &5721375732315037466
MeshFilter:
  m_ObjectHideFlags: 0
  m_CorrespondingSourceObject: {fileID: 0}
  m_PrefabInstance: {fileID: 0}
  m_PrefabAsset: {fileID: 0}
  m_GameObject: {fileID: 2907011105970595249}
  m_Mesh: {fileID: 10202, guid: 0000000000000000e000000000000000, type: 0}
--- !u!23 &6813473366577396522
MeshRenderer:
  m_ObjectHideFlags: 0
  m_CorrespondingSourceObject: {fileID: 0}
  m_PrefabInstance: {fileID: 0}
  m_PrefabAsset: {fileID: 0}
  m_GameObject: {fileID: 2907011105970595249}
  m_Enabled: 1
  m_CastShadows: 1
  m_ReceiveShadows: 1
  m_DynamicOccludee: 1
  m_MotionVectors: 1
  m_LightProbeUsage: 1
  m_ReflectionProbeUsage: 1
  m_RenderingLayerMask: 1
  m_RendererPriority: 0
  m_Materials:
  - {fileID: 2100000, guid: 74575fc0782e2924bb1c2c537f35ee9c, type: 2}
  m_StaticBatchInfo:
    firstSubMesh: 0
    subMeshCount: 0
  m_StaticBatchRoot: {fileID: 0}
  m_ProbeAnchor: {fileID: 0}
  m_LightProbeVolumeOverride: {fileID: 0}
  m_ScaleInLightmap: 1
  m_PreserveUVs: 0
  m_IgnoreNormalsForChartDetection: 0
  m_ImportantGI: 0
  m_StitchLightmapSeams: 0
  m_SelectedEditorRenderState: 3
  m_MinimumChartSize: 4
  m_AutoUVMaxDistance: 0.5
  m_AutoUVMaxAngle: 89
  m_LightmapParameters: {fileID: 0}
  m_SortingLayerID: 0
  m_SortingLayer: 0
  m_SortingOrder: 0
--- !u!1 &3044139841274602339
GameObject:
  m_ObjectHideFlags: 0
  m_CorrespondingSourceObject: {fileID: 0}
  m_PrefabInstance: {fileID: 0}
  m_PrefabAsset: {fileID: 0}
  serializedVersion: 6
  m_Component:
  - component: {fileID: 3267114645914897246}
  - component: {fileID: 4319167626081499764}
  - component: {fileID: 8668703640448678244}
  m_Layer: 13
  m_Name: Cube04
  m_TagString: Untagged
  m_Icon: {fileID: 0}
  m_NavMeshLayer: 0
  m_StaticEditorFlags: 0
  m_IsActive: 1
--- !u!4 &3267114645914897246
Transform:
  m_ObjectHideFlags: 0
  m_CorrespondingSourceObject: {fileID: 0}
  m_PrefabInstance: {fileID: 0}
  m_PrefabAsset: {fileID: 0}
  m_GameObject: {fileID: 3044139841274602339}
  m_LocalRotation: {x: -0, y: 0.7071068, z: -0, w: 0.7071068}
  m_LocalPosition: {x: 2.485, y: 0, z: 0}
  m_LocalScale: {x: 0.50000024, y: 0.03, z: 0.03}
  m_Children: []
  m_Father: {fileID: 1397046519245937424}
  m_RootOrder: 7
  m_LocalEulerAnglesHint: {x: 0, y: 90, z: 0}
--- !u!33 &4319167626081499764
MeshFilter:
  m_ObjectHideFlags: 0
  m_CorrespondingSourceObject: {fileID: 0}
  m_PrefabInstance: {fileID: 0}
  m_PrefabAsset: {fileID: 0}
  m_GameObject: {fileID: 3044139841274602339}
  m_Mesh: {fileID: 10202, guid: 0000000000000000e000000000000000, type: 0}
--- !u!23 &8668703640448678244
MeshRenderer:
  m_ObjectHideFlags: 0
  m_CorrespondingSourceObject: {fileID: 0}
  m_PrefabInstance: {fileID: 0}
  m_PrefabAsset: {fileID: 0}
  m_GameObject: {fileID: 3044139841274602339}
  m_Enabled: 1
  m_CastShadows: 1
  m_ReceiveShadows: 1
  m_DynamicOccludee: 1
  m_MotionVectors: 1
  m_LightProbeUsage: 1
  m_ReflectionProbeUsage: 1
  m_RenderingLayerMask: 1
  m_RendererPriority: 0
  m_Materials:
  - {fileID: 2100000, guid: 74575fc0782e2924bb1c2c537f35ee9c, type: 2}
  m_StaticBatchInfo:
    firstSubMesh: 0
    subMeshCount: 0
  m_StaticBatchRoot: {fileID: 0}
  m_ProbeAnchor: {fileID: 0}
  m_LightProbeVolumeOverride: {fileID: 0}
  m_ScaleInLightmap: 1
  m_PreserveUVs: 0
  m_IgnoreNormalsForChartDetection: 0
  m_ImportantGI: 0
  m_StitchLightmapSeams: 0
  m_SelectedEditorRenderState: 3
  m_MinimumChartSize: 4
  m_AutoUVMaxDistance: 0.5
  m_AutoUVMaxAngle: 89
  m_LightmapParameters: {fileID: 0}
  m_SortingLayerID: 0
  m_SortingLayer: 0
  m_SortingOrder: 0
--- !u!1 &3160909042258814145
GameObject:
  m_ObjectHideFlags: 0
  m_CorrespondingSourceObject: {fileID: 0}
  m_PrefabInstance: {fileID: 0}
  m_PrefabAsset: {fileID: 0}
  serializedVersion: 6
  m_Component:
  - component: {fileID: 1397046519245937424}
  m_Layer: 13
  m_Name: Player01
  m_TagString: Untagged
  m_Icon: {fileID: 0}
  m_NavMeshLayer: 0
  m_StaticEditorFlags: 0
  m_IsActive: 1
--- !u!4 &1397046519245937424
Transform:
  m_ObjectHideFlags: 0
  m_CorrespondingSourceObject: {fileID: 0}
  m_PrefabInstance: {fileID: 0}
  m_PrefabAsset: {fileID: 0}
  m_GameObject: {fileID: 3160909042258814145}
  m_LocalRotation: {x: 0, y: 0, z: 0, w: 1}
  m_LocalPosition: {x: 0, y: 0, z: 0}
  m_LocalScale: {x: 1, y: 1, z: 1}
  m_Children:
  - {fileID: 1331643133770591287}
  - {fileID: 2514882251796989730}
  - {fileID: 2453826817167829686}
  - {fileID: 7848937919385510797}
  - {fileID: 3174636097546353235}
  - {fileID: 8078690227788903165}
  - {fileID: 3317338700900844629}
  - {fileID: 3267114645914897246}
  m_Father: {fileID: 6361509440459879227}
  m_RootOrder: 0
  m_LocalEulerAnglesHint: {x: 0, y: 0, z: 0}
--- !u!1 &3248896946087893581
GameObject:
  m_ObjectHideFlags: 0
  m_CorrespondingSourceObject: {fileID: 0}
  m_PrefabInstance: {fileID: 0}
  m_PrefabAsset: {fileID: 0}
  serializedVersion: 6
  m_Component:
  - component: {fileID: 3317338700900844629}
  - component: {fileID: 7846931499275235516}
  - component: {fileID: 5592220499885953120}
  m_Layer: 13
  m_Name: Cube03
  m_TagString: Untagged
  m_Icon: {fileID: 0}
  m_NavMeshLayer: 0
  m_StaticEditorFlags: 0
  m_IsActive: 1
--- !u!4 &3317338700900844629
Transform:
  m_ObjectHideFlags: 0
  m_CorrespondingSourceObject: {fileID: 0}
  m_PrefabInstance: {fileID: 0}
  m_PrefabAsset: {fileID: 0}
  m_GameObject: {fileID: 3248896946087893581}
  m_LocalRotation: {x: -0, y: 0.7071068, z: -0, w: 0.7071068}
  m_LocalPosition: {x: -2.485, y: 0, z: 0}
  m_LocalScale: {x: 0.50000024, y: 0.03, z: 0.03}
  m_Children: []
  m_Father: {fileID: 1397046519245937424}
  m_RootOrder: 6
  m_LocalEulerAnglesHint: {x: 0, y: 90, z: 0}
--- !u!33 &7846931499275235516
MeshFilter:
  m_ObjectHideFlags: 0
  m_CorrespondingSourceObject: {fileID: 0}
  m_PrefabInstance: {fileID: 0}
  m_PrefabAsset: {fileID: 0}
  m_GameObject: {fileID: 3248896946087893581}
  m_Mesh: {fileID: 10202, guid: 0000000000000000e000000000000000, type: 0}
--- !u!23 &5592220499885953120
MeshRenderer:
  m_ObjectHideFlags: 0
  m_CorrespondingSourceObject: {fileID: 0}
  m_PrefabInstance: {fileID: 0}
  m_PrefabAsset: {fileID: 0}
  m_GameObject: {fileID: 3248896946087893581}
  m_Enabled: 1
  m_CastShadows: 1
  m_ReceiveShadows: 1
  m_DynamicOccludee: 1
  m_MotionVectors: 1
  m_LightProbeUsage: 1
  m_ReflectionProbeUsage: 1
  m_RenderingLayerMask: 1
  m_RendererPriority: 0
  m_Materials:
  - {fileID: 2100000, guid: 74575fc0782e2924bb1c2c537f35ee9c, type: 2}
  m_StaticBatchInfo:
    firstSubMesh: 0
    subMeshCount: 0
  m_StaticBatchRoot: {fileID: 0}
  m_ProbeAnchor: {fileID: 0}
  m_LightProbeVolumeOverride: {fileID: 0}
  m_ScaleInLightmap: 1
  m_PreserveUVs: 0
  m_IgnoreNormalsForChartDetection: 0
  m_ImportantGI: 0
  m_StitchLightmapSeams: 0
  m_SelectedEditorRenderState: 3
  m_MinimumChartSize: 4
  m_AutoUVMaxDistance: 0.5
  m_AutoUVMaxAngle: 89
  m_LightmapParameters: {fileID: 0}
  m_SortingLayerID: 0
  m_SortingLayer: 0
  m_SortingOrder: 0
--- !u!1 &3327198987727042218
GameObject:
  m_ObjectHideFlags: 0
  m_CorrespondingSourceObject: {fileID: 0}
  m_PrefabInstance: {fileID: 0}
  m_PrefabAsset: {fileID: 0}
  serializedVersion: 6
  m_Component:
  - component: {fileID: 6361509440459879227}
  - component: {fileID: 3130495982700771038}
  - component: {fileID: 4267565063610986781}
  - component: {fileID: 6384039957739383520}
  - component: {fileID: 8278617966675418598}
  - component: {fileID: 4572570423750908466}
  m_Layer: 13
  m_Name: Player1 HingeJoint
  m_TagString: Player1
  m_Icon: {fileID: 0}
  m_NavMeshLayer: 0
  m_StaticEditorFlags: 0
  m_IsActive: 1
--- !u!4 &6361509440459879227
Transform:
  m_ObjectHideFlags: 0
  m_CorrespondingSourceObject: {fileID: 0}
  m_PrefabInstance: {fileID: 0}
  m_PrefabAsset: {fileID: 0}
  m_GameObject: {fileID: 3327198987727042218}
  m_LocalRotation: {x: -0, y: -0, z: -0, w: 1}
  m_LocalPosition: {x: 0, y: 0, z: 0}
  m_LocalScale: {x: 1, y: 1, z: 1}
  m_Children:
  - {fileID: 1397046519245937424}
  - {fileID: 58118276265305698}
  - {fileID: 8007071017386040870}
  m_Father: {fileID: 3308798314832921803}
  m_RootOrder: 0
  m_LocalEulerAnglesHint: {x: 0, y: 0, z: 0}
--- !u!65 &3130495982700771038
BoxCollider:
  m_ObjectHideFlags: 0
  m_CorrespondingSourceObject: {fileID: 0}
  m_PrefabInstance: {fileID: 0}
  m_PrefabAsset: {fileID: 0}
  m_GameObject: {fileID: 3327198987727042218}
  m_Material: {fileID: 13400000, guid: 68fcf52aaaed3d840967f620de8cde73, type: 2}
  m_IsTrigger: 0
  m_Enabled: 1
  serializedVersion: 2
  m_Size: {x: 5, y: 3, z: 0.5}
  m_Center: {x: 0, y: 0, z: 0}
--- !u!54 &4267565063610986781
Rigidbody:
  m_ObjectHideFlags: 0
  m_CorrespondingSourceObject: {fileID: 0}
  m_PrefabInstance: {fileID: 0}
  m_PrefabAsset: {fileID: 0}
  m_GameObject: {fileID: 3327198987727042218}
  serializedVersion: 2
  m_Mass: 10
  m_Drag: 0
  m_AngularDrag: 0.05
  m_UseGravity: 0
  m_IsKinematic: 0
  m_Interpolate: 0
  m_Constraints: 0
  m_CollisionDetection: 0
--- !u!59 &6384039957739383520
HingeJoint:
  m_ObjectHideFlags: 0
  m_CorrespondingSourceObject: {fileID: 0}
  m_PrefabInstance: {fileID: 0}
  m_PrefabAsset: {fileID: 0}
  m_GameObject: {fileID: 3327198987727042218}
  m_ConnectedBody: {fileID: 8577060699777494388}
  m_Anchor: {x: 0, y: 0.5, z: 0}
  m_Axis: {x: 0, y: 1, z: 0}
  m_AutoConfigureConnectedAnchor: 1
  m_ConnectedAnchor: {x: 0, y: 0.5, z: 0}
  m_UseSpring: 1
  m_Spring:
    spring: 100000
    damper: 500
    targetPosition: 0
  m_UseMotor: 0
  m_Motor:
    targetVelocity: 3000
    force: 3000
    freeSpin: 0
  m_UseLimits: 1
  m_Limits:
    min: 0
    max: 0
    bounciness: 0
    bounceMinVelocity: 0.2
    contactDistance: 0
  m_BreakForce: Infinity
  m_BreakTorque: Infinity
  m_EnableCollision: 0
  m_EnablePreprocessing: 1
  m_MassScale: 1
  m_ConnectedMassScale: 1
--- !u!114 &8278617966675418598
MonoBehaviour:
  m_ObjectHideFlags: 0
  m_CorrespondingSourceObject: {fileID: 0}
  m_PrefabInstance: {fileID: 0}
  m_PrefabAsset: {fileID: 0}
  m_GameObject: {fileID: 3327198987727042218}
  m_Enabled: 1
  m_EditorHideFlags: 0
  m_Script: {fileID: 11500000, guid: d96bc8d6a7bf43440b93f2ee1eba47b8, type: 3}
  m_Name: 
  m_EditorClassIdentifier: 
  targetVelocity: 3000
  hingeLimits: 30
  trigerInput: 0
  analogPadFlag: 0
--- !u!114 &4572570423750908466
MonoBehaviour:
  m_ObjectHideFlags: 0
  m_CorrespondingSourceObject: {fileID: 0}
  m_PrefabInstance: {fileID: 0}
  m_PrefabAsset: {fileID: 0}
  m_GameObject: {fileID: 3327198987727042218}
  m_Enabled: 1
  m_EditorHideFlags: 0
  m_Script: {fileID: 11500000, guid: 72b7ec0a95afab94d8025cc1d4f1db6d, type: 3}
  m_Name: 
  m_EditorClassIdentifier: 
  player: {fileID: 2035476502063445132}
--- !u!1 &3765717261122895117
GameObject:
  m_ObjectHideFlags: 0
  m_CorrespondingSourceObject: {fileID: 0}
  m_PrefabInstance: {fileID: 0}
  m_PrefabAsset: {fileID: 0}
  serializedVersion: 6
  m_Component:
  - component: {fileID: 3308798314832921803}
  - component: {fileID: 8577060699777494388}
  - component: {fileID: 8824802138089147403}
  - component: {fileID: 2195353993982167229}
  m_Layer: 13
  m_Name: Player1 SliderJoint
  m_TagString: Untagged
  m_Icon: {fileID: 0}
  m_NavMeshLayer: 0
  m_StaticEditorFlags: 0
  m_IsActive: 1
--- !u!4 &3308798314832921803
Transform:
  m_ObjectHideFlags: 0
  m_CorrespondingSourceObject: {fileID: 0}
  m_PrefabInstance: {fileID: 0}
  m_PrefabAsset: {fileID: 0}
  m_GameObject: {fileID: 3765717261122895117}
  m_LocalRotation: {x: -0, y: -0, z: -0, w: 1}
  m_LocalPosition: {x: 0, y: 0, z: 0}
  m_LocalScale: {x: 1, y: 1, z: 1}
  m_Children:
  - {fileID: 6361509440459879227}
  m_Father: {fileID: 7663857593525252381}
  m_RootOrder: 0
  m_LocalEulerAnglesHint: {x: 0, y: 0, z: 0}
--- !u!54 &8577060699777494388
Rigidbody:
  m_ObjectHideFlags: 0
  m_CorrespondingSourceObject: {fileID: 0}
  m_PrefabInstance: {fileID: 0}
  m_PrefabAsset: {fileID: 0}
  m_GameObject: {fileID: 3765717261122895117}
  serializedVersion: 2
  m_Mass: 10
  m_Drag: 0
  m_AngularDrag: 0.05
  m_UseGravity: 0
  m_IsKinematic: 0
  m_Interpolate: 0
  m_Constraints: 0
  m_CollisionDetection: 0
--- !u!114 &8824802138089147403
MonoBehaviour:
  m_ObjectHideFlags: 0
  m_CorrespondingSourceObject: {fileID: 0}
  m_PrefabInstance: {fileID: 0}
  m_PrefabAsset: {fileID: 0}
  m_GameObject: {fileID: 3765717261122895117}
  m_Enabled: 1
  m_EditorHideFlags: 0
  m_Script: {fileID: 11500000, guid: dbf453b2eb9c3e945b99ddfd2fa399dc, type: 3}
  m_Name: 
  m_EditorClassIdentifier: 
  connectedBody: {fileID: 3269908672311033166}
  anchor: {x: 0, y: 0.5, z: 0}
  axis: {x: 0, y: 0, z: 1}
  useSpring: 1
  spring:
    Spring: 10000
    Damper: 0.1
    TargetPosition: 0
  useMotor: 0
  motor:
    TargetVelocity: 200
    Force: 200
  useLimits: 1
  limits:
    Lower: 0
    Upper: 1.25
    Bounciness: 0
    ContactDistance: 0
  breakForce: Infinity
  breakTorque: Infinity
  enableCollision: 0
  enablePreprocessing: 1
  massScale: 1
  connectedMassScale: 1
--- !u!114 &2195353993982167229
MonoBehaviour:
  m_ObjectHideFlags: 0
  m_CorrespondingSourceObject: {fileID: 0}
  m_PrefabInstance: {fileID: 0}
  m_PrefabAsset: {fileID: 0}
  m_GameObject: {fileID: 3765717261122895117}
  m_Enabled: 1
  m_EditorHideFlags: 0
  m_Script: {fileID: 11500000, guid: 1a6c122303309264d88a9728df5abb3f, type: 3}
  m_Name: 
  m_EditorClassIdentifier: 
--- !u!1 &6714537876841304629
GameObject:
  m_ObjectHideFlags: 0
  m_CorrespondingSourceObject: {fileID: 0}
  m_PrefabInstance: {fileID: 0}
  m_PrefabAsset: {fileID: 0}
  serializedVersion: 6
  m_Component:
  - component: {fileID: 4135634089297832686}
  - component: {fileID: 5059321319181216422}
  - component: {fileID: 3344251816551081207}
  m_Layer: 13
  m_Name: Cube05
  m_TagString: Untagged
  m_Icon: {fileID: 0}
  m_NavMeshLayer: 0
  m_StaticEditorFlags: 0
  m_IsActive: 1
--- !u!4 &4135634089297832686
Transform:
  m_ObjectHideFlags: 0
  m_CorrespondingSourceObject: {fileID: 0}
  m_PrefabInstance: {fileID: 0}
  m_PrefabAsset: {fileID: 0}
  m_GameObject: {fileID: 6714537876841304629}
  m_LocalRotation: {x: -0, y: -0, z: -0, w: 1}
  m_LocalPosition: {x: 0, y: 0, z: 0.1}
  m_LocalScale: {x: 0.23, y: 0.03, z: 0.03}
  m_Children: []
  m_Father: {fileID: 58118276265305698}
  m_RootOrder: 4
  m_LocalEulerAnglesHint: {x: 0, y: 0, z: 0}
--- !u!33 &5059321319181216422
MeshFilter:
  m_ObjectHideFlags: 0
  m_CorrespondingSourceObject: {fileID: 0}
  m_PrefabInstance: {fileID: 0}
  m_PrefabAsset: {fileID: 0}
  m_GameObject: {fileID: 6714537876841304629}
  m_Mesh: {fileID: 10202, guid: 0000000000000000e000000000000000, type: 0}
--- !u!23 &3344251816551081207
MeshRenderer:
  m_ObjectHideFlags: 0
  m_CorrespondingSourceObject: {fileID: 0}
  m_PrefabInstance: {fileID: 0}
  m_PrefabAsset: {fileID: 0}
  m_GameObject: {fileID: 6714537876841304629}
  m_Enabled: 1
  m_CastShadows: 1
  m_ReceiveShadows: 1
  m_DynamicOccludee: 1
  m_MotionVectors: 1
  m_LightProbeUsage: 1
  m_ReflectionProbeUsage: 1
  m_RenderingLayerMask: 1
  m_RendererPriority: 0
  m_Materials:
  - {fileID: 2100000, guid: 74575fc0782e2924bb1c2c537f35ee9c, type: 2}
  m_StaticBatchInfo:
    firstSubMesh: 0
    subMeshCount: 0
  m_StaticBatchRoot: {fileID: 0}
  m_ProbeAnchor: {fileID: 0}
  m_LightProbeVolumeOverride: {fileID: 0}
  m_ScaleInLightmap: 1
  m_PreserveUVs: 0
  m_IgnoreNormalsForChartDetection: 0
  m_ImportantGI: 0
  m_StitchLightmapSeams: 0
  m_SelectedEditorRenderState: 3
  m_MinimumChartSize: 4
  m_AutoUVMaxDistance: 0.5
  m_AutoUVMaxAngle: 89
  m_LightmapParameters: {fileID: 0}
  m_SortingLayerID: 0
  m_SortingLayer: 0
  m_SortingOrder: 0
--- !u!1 &6745101232104515967
GameObject:
  m_ObjectHideFlags: 0
  m_CorrespondingSourceObject: {fileID: 0}
  m_PrefabInstance: {fileID: 0}
  m_PrefabAsset: {fileID: 0}
  serializedVersion: 6
  m_Component:
  - component: {fileID: 5083885957327434799}
  - component: {fileID: 3731855271171889615}
  - component: {fileID: 7332872139613626503}
  m_Layer: 13
  m_Name: Cube12
  m_TagString: Untagged
  m_Icon: {fileID: 0}
  m_NavMeshLayer: 0
  m_StaticEditorFlags: 0
  m_IsActive: 1
--- !u!4 &5083885957327434799
Transform:
  m_ObjectHideFlags: 0
  m_CorrespondingSourceObject: {fileID: 0}
  m_PrefabInstance: {fileID: 0}
  m_PrefabAsset: {fileID: 0}
  m_GameObject: {fileID: 6745101232104515967}
  m_LocalRotation: {x: -0, y: 0.7071068, z: -0, w: 0.7071068}
  m_LocalPosition: {x: -0.175, y: 0, z: 0}
  m_LocalScale: {x: 0.38, y: 0.03, z: 0.03}
  m_Children: []
  m_Father: {fileID: 8007071017386040870}
  m_RootOrder: 7
  m_LocalEulerAnglesHint: {x: 0, y: 0, z: 0}
--- !u!33 &3731855271171889615
MeshFilter:
  m_ObjectHideFlags: 0
  m_CorrespondingSourceObject: {fileID: 0}
  m_PrefabInstance: {fileID: 0}
  m_PrefabAsset: {fileID: 0}
  m_GameObject: {fileID: 6745101232104515967}
  m_Mesh: {fileID: 10202, guid: 0000000000000000e000000000000000, type: 0}
--- !u!23 &7332872139613626503
MeshRenderer:
  m_ObjectHideFlags: 0
  m_CorrespondingSourceObject: {fileID: 0}
  m_PrefabInstance: {fileID: 0}
  m_PrefabAsset: {fileID: 0}
  m_GameObject: {fileID: 6745101232104515967}
  m_Enabled: 1
  m_CastShadows: 1
  m_ReceiveShadows: 1
  m_DynamicOccludee: 1
  m_MotionVectors: 1
  m_LightProbeUsage: 1
  m_ReflectionProbeUsage: 1
  m_RenderingLayerMask: 1
  m_RendererPriority: 0
  m_Materials:
  - {fileID: 2100000, guid: 74575fc0782e2924bb1c2c537f35ee9c, type: 2}
  m_StaticBatchInfo:
    firstSubMesh: 0
    subMeshCount: 0
  m_StaticBatchRoot: {fileID: 0}
  m_ProbeAnchor: {fileID: 0}
  m_LightProbeVolumeOverride: {fileID: 0}
  m_ScaleInLightmap: 1
  m_PreserveUVs: 0
  m_IgnoreNormalsForChartDetection: 0
  m_ImportantGI: 0
  m_StitchLightmapSeams: 0
  m_SelectedEditorRenderState: 3
  m_MinimumChartSize: 4
  m_AutoUVMaxDistance: 0.5
  m_AutoUVMaxAngle: 89
  m_LightmapParameters: {fileID: 0}
  m_SortingLayerID: 0
  m_SortingLayer: 0
  m_SortingOrder: 0
--- !u!1 &7115038714712872114
GameObject:
  m_ObjectHideFlags: 0
  m_CorrespondingSourceObject: {fileID: 0}
  m_PrefabInstance: {fileID: 0}
  m_PrefabAsset: {fileID: 0}
  serializedVersion: 6
  m_Component:
  - component: {fileID: 8078690227788903165}
  - component: {fileID: 1325297355849341270}
  - component: {fileID: 9152100507026296556}
  m_Layer: 13
  m_Name: Cube02
  m_TagString: Untagged
  m_Icon: {fileID: 0}
  m_NavMeshLayer: 0
  m_StaticEditorFlags: 0
  m_IsActive: 1
--- !u!4 &8078690227788903165
Transform:
  m_ObjectHideFlags: 0
  m_CorrespondingSourceObject: {fileID: 0}
  m_PrefabInstance: {fileID: 0}
  m_PrefabAsset: {fileID: 0}
  m_GameObject: {fileID: 7115038714712872114}
  m_LocalRotation: {x: -0, y: -0, z: -0, w: 1}
  m_LocalPosition: {x: 0, y: 0, z: -0.25}
  m_LocalScale: {x: 5, y: 0.03, z: 0.03}
  m_Children: []
  m_Father: {fileID: 1397046519245937424}
  m_RootOrder: 5
  m_LocalEulerAnglesHint: {x: 0, y: 0, z: 0}
--- !u!33 &1325297355849341270
MeshFilter:
  m_ObjectHideFlags: 0
  m_CorrespondingSourceObject: {fileID: 0}
  m_PrefabInstance: {fileID: 0}
  m_PrefabAsset: {fileID: 0}
  m_GameObject: {fileID: 7115038714712872114}
  m_Mesh: {fileID: 10202, guid: 0000000000000000e000000000000000, type: 0}
--- !u!23 &9152100507026296556
MeshRenderer:
  m_ObjectHideFlags: 0
  m_CorrespondingSourceObject: {fileID: 0}
  m_PrefabInstance: {fileID: 0}
  m_PrefabAsset: {fileID: 0}
  m_GameObject: {fileID: 7115038714712872114}
  m_Enabled: 1
  m_CastShadows: 1
  m_ReceiveShadows: 1
  m_DynamicOccludee: 1
  m_MotionVectors: 1
  m_LightProbeUsage: 1
  m_ReflectionProbeUsage: 1
  m_RenderingLayerMask: 1
  m_RendererPriority: 0
  m_Materials:
  - {fileID: 2100000, guid: 74575fc0782e2924bb1c2c537f35ee9c, type: 2}
  m_StaticBatchInfo:
    firstSubMesh: 0
    subMeshCount: 0
  m_StaticBatchRoot: {fileID: 0}
  m_ProbeAnchor: {fileID: 0}
  m_LightProbeVolumeOverride: {fileID: 0}
  m_ScaleInLightmap: 1
  m_PreserveUVs: 0
  m_IgnoreNormalsForChartDetection: 0
  m_ImportantGI: 0
  m_StitchLightmapSeams: 0
  m_SelectedEditorRenderState: 3
  m_MinimumChartSize: 4
  m_AutoUVMaxDistance: 0.5
  m_AutoUVMaxAngle: 89
  m_LightmapParameters: {fileID: 0}
  m_SortingLayerID: 0
  m_SortingLayer: 0
  m_SortingOrder: 0
--- !u!1 &7285597067535195814
GameObject:
  m_ObjectHideFlags: 0
  m_CorrespondingSourceObject: {fileID: 0}
  m_PrefabInstance: {fileID: 0}
  m_PrefabAsset: {fileID: 0}
  serializedVersion: 6
  m_Component:
  - component: {fileID: 970573949295686900}
  - component: {fileID: 7798168887131795270}
  - component: {fileID: 257975833900152053}
  m_Layer: 13
  m_Name: Cube11
  m_TagString: Untagged
  m_Icon: {fileID: 0}
  m_NavMeshLayer: 0
  m_StaticEditorFlags: 0
  m_IsActive: 1
--- !u!4 &970573949295686900
Transform:
  m_ObjectHideFlags: 0
  m_CorrespondingSourceObject: {fileID: 0}
  m_PrefabInstance: {fileID: 0}
  m_PrefabAsset: {fileID: 0}
  m_GameObject: {fileID: 7285597067535195814}
  m_LocalRotation: {x: -0, y: 0.7071068, z: -0, w: 0.7071068}
  m_LocalPosition: {x: 0.175, y: 0, z: 0}
  m_LocalScale: {x: 0.38, y: 0.03, z: 0.03}
  m_Children: []
  m_Father: {fileID: 8007071017386040870}
  m_RootOrder: 6
  m_LocalEulerAnglesHint: {x: 0, y: 0, z: 0}
--- !u!33 &7798168887131795270
MeshFilter:
  m_ObjectHideFlags: 0
  m_CorrespondingSourceObject: {fileID: 0}
  m_PrefabInstance: {fileID: 0}
  m_PrefabAsset: {fileID: 0}
  m_GameObject: {fileID: 7285597067535195814}
  m_Mesh: {fileID: 10202, guid: 0000000000000000e000000000000000, type: 0}
--- !u!23 &257975833900152053
MeshRenderer:
  m_ObjectHideFlags: 0
  m_CorrespondingSourceObject: {fileID: 0}
  m_PrefabInstance: {fileID: 0}
  m_PrefabAsset: {fileID: 0}
  m_GameObject: {fileID: 7285597067535195814}
  m_Enabled: 1
  m_CastShadows: 1
  m_ReceiveShadows: 1
  m_DynamicOccludee: 1
  m_MotionVectors: 1
  m_LightProbeUsage: 1
  m_ReflectionProbeUsage: 1
  m_RenderingLayerMask: 1
  m_RendererPriority: 0
  m_Materials:
  - {fileID: 2100000, guid: 74575fc0782e2924bb1c2c537f35ee9c, type: 2}
  m_StaticBatchInfo:
    firstSubMesh: 0
    subMeshCount: 0
  m_StaticBatchRoot: {fileID: 0}
  m_ProbeAnchor: {fileID: 0}
  m_LightProbeVolumeOverride: {fileID: 0}
  m_ScaleInLightmap: 1
  m_PreserveUVs: 0
  m_IgnoreNormalsForChartDetection: 0
  m_ImportantGI: 0
  m_StitchLightmapSeams: 0
  m_SelectedEditorRenderState: 3
  m_MinimumChartSize: 4
  m_AutoUVMaxDistance: 0.5
  m_AutoUVMaxAngle: 89
  m_LightmapParameters: {fileID: 0}
  m_SortingLayerID: 0
  m_SortingLayer: 0
  m_SortingOrder: 0
--- !u!1 &8739930740871645184
GameObject:
  m_ObjectHideFlags: 0
  m_CorrespondingSourceObject: {fileID: 0}
  m_PrefabInstance: {fileID: 0}
  m_PrefabAsset: {fileID: 0}
  serializedVersion: 6
  m_Component:
  - component: {fileID: 3310542051625339956}
  - component: {fileID: 1421576468574291451}
  - component: {fileID: 646471649633724685}
  m_Layer: 13
  m_Name: Cube07
  m_TagString: Untagged
  m_Icon: {fileID: 0}
  m_NavMeshLayer: 0
  m_StaticEditorFlags: 0
  m_IsActive: 1
--- !u!4 &3310542051625339956
Transform:
  m_ObjectHideFlags: 0
  m_CorrespondingSourceObject: {fileID: 0}
  m_PrefabInstance: {fileID: 0}
  m_PrefabAsset: {fileID: 0}
  m_GameObject: {fileID: 8739930740871645184}
  m_LocalRotation: {x: -0, y: 0.7071068, z: -0, w: 0.7071068}
  m_LocalPosition: {x: 0.10000002, y: 0, z: 0}
  m_LocalScale: {x: 0.23, y: 0.03, z: 0.03}
  m_Children: []
  m_Father: {fileID: 58118276265305698}
  m_RootOrder: 6
  m_LocalEulerAnglesHint: {x: 0, y: 0, z: 0}
--- !u!33 &1421576468574291451
MeshFilter:
  m_ObjectHideFlags: 0
  m_CorrespondingSourceObject: {fileID: 0}
  m_PrefabInstance: {fileID: 0}
  m_PrefabAsset: {fileID: 0}
  m_GameObject: {fileID: 8739930740871645184}
  m_Mesh: {fileID: 10202, guid: 0000000000000000e000000000000000, type: 0}
--- !u!23 &646471649633724685
MeshRenderer:
  m_ObjectHideFlags: 0
  m_CorrespondingSourceObject: {fileID: 0}
  m_PrefabInstance: {fileID: 0}
  m_PrefabAsset: {fileID: 0}
  m_GameObject: {fileID: 8739930740871645184}
  m_Enabled: 1
  m_CastShadows: 1
  m_ReceiveShadows: 1
  m_DynamicOccludee: 1
  m_MotionVectors: 1
  m_LightProbeUsage: 1
  m_ReflectionProbeUsage: 1
  m_RenderingLayerMask: 1
  m_RendererPriority: 0
  m_Materials:
  - {fileID: 2100000, guid: 74575fc0782e2924bb1c2c537f35ee9c, type: 2}
  m_StaticBatchInfo:
    firstSubMesh: 0
    subMeshCount: 0
  m_StaticBatchRoot: {fileID: 0}
  m_ProbeAnchor: {fileID: 0}
  m_LightProbeVolumeOverride: {fileID: 0}
  m_ScaleInLightmap: 1
  m_PreserveUVs: 0
  m_IgnoreNormalsForChartDetection: 0
  m_ImportantGI: 0
  m_StitchLightmapSeams: 0
  m_SelectedEditorRenderState: 3
  m_MinimumChartSize: 4
  m_AutoUVMaxDistance: 0.5
  m_AutoUVMaxAngle: 89
  m_LightmapParameters: {fileID: 0}
  m_SortingLayerID: 0
  m_SortingLayer: 0
  m_SortingOrder: 0
--- !u!1 &9087595748467707576
GameObject:
  m_ObjectHideFlags: 0
  m_CorrespondingSourceObject: {fileID: 0}
  m_PrefabInstance: {fileID: 0}
  m_PrefabAsset: {fileID: 0}
  serializedVersion: 6
  m_Component:
  - component: {fileID: 58118276265305698}
  m_Layer: 13
  m_Name: Player02
  m_TagString: Untagged
  m_Icon: {fileID: 0}
  m_NavMeshLayer: 0
  m_StaticEditorFlags: 0
  m_IsActive: 1
--- !u!4 &58118276265305698
Transform:
  m_ObjectHideFlags: 0
  m_CorrespondingSourceObject: {fileID: 0}
  m_PrefabInstance: {fileID: 0}
  m_PrefabAsset: {fileID: 0}
  m_GameObject: {fileID: 9087595748467707576}
  m_LocalRotation: {x: 0, y: 0.38268343, z: 0, w: 0.92387956}
  m_LocalPosition: {x: 0, y: 0, z: 0}
  m_LocalScale: {x: 1, y: 1, z: 1}
  m_Children:
  - {fileID: 6194606187025740836}
  - {fileID: 2660662326591696226}
  - {fileID: 6493568658412984294}
  - {fileID: 7277464462507148103}
  - {fileID: 4135634089297832686}
  - {fileID: 5033210725441358524}
  - {fileID: 3310542051625339956}
  - {fileID: 897832208482968096}
  m_Father: {fileID: 6361509440459879227}
  m_RootOrder: 1
  m_LocalEulerAnglesHint: {x: 0, y: 45, z: 0}
--- !u!1001 &1399402928365752066
PrefabInstance:
  m_ObjectHideFlags: 0
  serializedVersion: 2
  m_Modification:
    m_TransformParent: {fileID: 58118276265305698}
    m_Modifications:
    - target: {fileID: 1541646678616672823, guid: ab5eefa3687b7864698607e86e621204,
        type: 3}
      propertyPath: m_Name
      value: Vertex08
      objectReference: {fileID: 0}
    - target: {fileID: 1541646678616672823, guid: ab5eefa3687b7864698607e86e621204,
        type: 3}
      propertyPath: m_Layer
      value: 13
      objectReference: {fileID: 0}
    - target: {fileID: 8616814157135957061, guid: ab5eefa3687b7864698607e86e621204,
        type: 3}
      propertyPath: m_LocalPosition.x
      value: 0.100055605
      objectReference: {fileID: 0}
    - target: {fileID: 8616814157135957061, guid: ab5eefa3687b7864698607e86e621204,
        type: 3}
      propertyPath: m_LocalPosition.y
      value: 0
      objectReference: {fileID: 0}
    - target: {fileID: 8616814157135957061, guid: ab5eefa3687b7864698607e86e621204,
        type: 3}
      propertyPath: m_LocalPosition.z
      value: -0.100055605
      objectReference: {fileID: 0}
    - target: {fileID: 8616814157135957061, guid: ab5eefa3687b7864698607e86e621204,
        type: 3}
      propertyPath: m_LocalRotation.x
      value: -0
      objectReference: {fileID: 0}
    - target: {fileID: 8616814157135957061, guid: ab5eefa3687b7864698607e86e621204,
        type: 3}
      propertyPath: m_LocalRotation.y
      value: -0.38268343
      objectReference: {fileID: 0}
    - target: {fileID: 8616814157135957061, guid: ab5eefa3687b7864698607e86e621204,
        type: 3}
      propertyPath: m_LocalRotation.z
      value: -0
      objectReference: {fileID: 0}
    - target: {fileID: 8616814157135957061, guid: ab5eefa3687b7864698607e86e621204,
        type: 3}
      propertyPath: m_LocalRotation.w
      value: 0.92387956
      objectReference: {fileID: 0}
    - target: {fileID: 8616814157135957061, guid: ab5eefa3687b7864698607e86e621204,
        type: 3}
      propertyPath: m_RootOrder
      value: 3
      objectReference: {fileID: 0}
    - target: {fileID: 8616814157135957061, guid: ab5eefa3687b7864698607e86e621204,
        type: 3}
      propertyPath: m_LocalEulerAnglesHint.x
      value: 0
      objectReference: {fileID: 0}
    - target: {fileID: 8616814157135957061, guid: ab5eefa3687b7864698607e86e621204,
        type: 3}
      propertyPath: m_LocalEulerAnglesHint.y
      value: 0
      objectReference: {fileID: 0}
    - target: {fileID: 8616814157135957061, guid: ab5eefa3687b7864698607e86e621204,
        type: 3}
      propertyPath: m_LocalEulerAnglesHint.z
      value: 0
      objectReference: {fileID: 0}
    - target: {fileID: 1716962108875999824, guid: ab5eefa3687b7864698607e86e621204,
        type: 3}
      propertyPath: m_Layer
      value: 13
      objectReference: {fileID: 0}
    - target: {fileID: 4855669657253629738, guid: ab5eefa3687b7864698607e86e621204,
        type: 3}
      propertyPath: m_Layer
      value: 13
      objectReference: {fileID: 0}
    - target: {fileID: 2113345280477052406, guid: ab5eefa3687b7864698607e86e621204,
        type: 3}
      propertyPath: m_Layer
      value: 13
      objectReference: {fileID: 0}
    - target: {fileID: 7602364895159060513, guid: ab5eefa3687b7864698607e86e621204,
        type: 3}
      propertyPath: m_Layer
      value: 13
      objectReference: {fileID: 0}
    m_RemovedComponents: []
  m_SourcePrefab: {fileID: 100100000, guid: ab5eefa3687b7864698607e86e621204, type: 3}
--- !u!4 &7277464462507148103 stripped
Transform:
  m_CorrespondingSourceObject: {fileID: 8616814157135957061, guid: ab5eefa3687b7864698607e86e621204,
    type: 3}
  m_PrefabInstance: {fileID: 1399402928365752066}
  m_PrefabAsset: {fileID: 0}
--- !u!1001 &1979355820528529352
PrefabInstance:
  m_ObjectHideFlags: 0
  serializedVersion: 2
  m_Modification:
    m_TransformParent: {fileID: 1397046519245937424}
    m_Modifications:
    - target: {fileID: 1541646678616672823, guid: ab5eefa3687b7864698607e86e621204,
        type: 3}
      propertyPath: m_Name
      value: Vertex04
      objectReference: {fileID: 0}
    - target: {fileID: 1541646678616672823, guid: ab5eefa3687b7864698607e86e621204,
        type: 3}
      propertyPath: m_Layer
      value: 13
      objectReference: {fileID: 0}
    - target: {fileID: 8616814157135957061, guid: ab5eefa3687b7864698607e86e621204,
        type: 3}
      propertyPath: m_LocalPosition.x
      value: -2.4851
      objectReference: {fileID: 0}
    - target: {fileID: 8616814157135957061, guid: ab5eefa3687b7864698607e86e621204,
        type: 3}
      propertyPath: m_LocalPosition.y
      value: 0
      objectReference: {fileID: 0}
    - target: {fileID: 8616814157135957061, guid: ab5eefa3687b7864698607e86e621204,
        type: 3}
      propertyPath: m_LocalPosition.z
      value: -0.25
      objectReference: {fileID: 0}
    - target: {fileID: 8616814157135957061, guid: ab5eefa3687b7864698607e86e621204,
        type: 3}
      propertyPath: m_LocalRotation.x
      value: -0
      objectReference: {fileID: 0}
    - target: {fileID: 8616814157135957061, guid: ab5eefa3687b7864698607e86e621204,
        type: 3}
      propertyPath: m_LocalRotation.y
      value: -0
      objectReference: {fileID: 0}
    - target: {fileID: 8616814157135957061, guid: ab5eefa3687b7864698607e86e621204,
        type: 3}
      propertyPath: m_LocalRotation.z
      value: -0
      objectReference: {fileID: 0}
    - target: {fileID: 8616814157135957061, guid: ab5eefa3687b7864698607e86e621204,
        type: 3}
      propertyPath: m_LocalRotation.w
      value: 1
      objectReference: {fileID: 0}
    - target: {fileID: 8616814157135957061, guid: ab5eefa3687b7864698607e86e621204,
        type: 3}
      propertyPath: m_RootOrder
      value: 3
      objectReference: {fileID: 0}
    - target: {fileID: 8616814157135957061, guid: ab5eefa3687b7864698607e86e621204,
        type: 3}
      propertyPath: m_LocalEulerAnglesHint.x
      value: 0
      objectReference: {fileID: 0}
    - target: {fileID: 8616814157135957061, guid: ab5eefa3687b7864698607e86e621204,
        type: 3}
      propertyPath: m_LocalEulerAnglesHint.y
      value: 0
      objectReference: {fileID: 0}
    - target: {fileID: 8616814157135957061, guid: ab5eefa3687b7864698607e86e621204,
        type: 3}
      propertyPath: m_LocalEulerAnglesHint.z
      value: 0
      objectReference: {fileID: 0}
    - target: {fileID: 1716962108875999824, guid: ab5eefa3687b7864698607e86e621204,
        type: 3}
      propertyPath: m_Layer
      value: 13
      objectReference: {fileID: 0}
    - target: {fileID: 4855669657253629738, guid: ab5eefa3687b7864698607e86e621204,
        type: 3}
      propertyPath: m_Layer
      value: 13
      objectReference: {fileID: 0}
    - target: {fileID: 2113345280477052406, guid: ab5eefa3687b7864698607e86e621204,
        type: 3}
      propertyPath: m_Layer
      value: 13
      objectReference: {fileID: 0}
    - target: {fileID: 7602364895159060513, guid: ab5eefa3687b7864698607e86e621204,
        type: 3}
      propertyPath: m_Layer
      value: 13
      objectReference: {fileID: 0}
    m_RemovedComponents: []
  m_SourcePrefab: {fileID: 100100000, guid: ab5eefa3687b7864698607e86e621204, type: 3}
--- !u!4 &7848937919385510797 stripped
Transform:
  m_CorrespondingSourceObject: {fileID: 8616814157135957061, guid: ab5eefa3687b7864698607e86e621204,
    type: 3}
  m_PrefabInstance: {fileID: 1979355820528529352}
  m_PrefabAsset: {fileID: 0}
--- !u!1001 &2477748713498245217
PrefabInstance:
  m_ObjectHideFlags: 0
  serializedVersion: 2
  m_Modification:
    m_TransformParent: {fileID: 58118276265305698}
    m_Modifications:
    - target: {fileID: 1541646678616672823, guid: ab5eefa3687b7864698607e86e621204,
        type: 3}
      propertyPath: m_Name
      value: Vertex05
      objectReference: {fileID: 0}
    - target: {fileID: 1541646678616672823, guid: ab5eefa3687b7864698607e86e621204,
        type: 3}
      propertyPath: m_Layer
      value: 13
      objectReference: {fileID: 0}
    - target: {fileID: 8616814157135957061, guid: ab5eefa3687b7864698607e86e621204,
        type: 3}
      propertyPath: m_LocalPosition.x
      value: -0.099914186
      objectReference: {fileID: 0}
    - target: {fileID: 8616814157135957061, guid: ab5eefa3687b7864698607e86e621204,
        type: 3}
      propertyPath: m_LocalPosition.y
      value: 0
      objectReference: {fileID: 0}
    - target: {fileID: 8616814157135957061, guid: ab5eefa3687b7864698607e86e621204,
        type: 3}
      propertyPath: m_LocalPosition.z
      value: -0.09991418
      objectReference: {fileID: 0}
    - target: {fileID: 8616814157135957061, guid: ab5eefa3687b7864698607e86e621204,
        type: 3}
      propertyPath: m_LocalRotation.x
      value: -0
      objectReference: {fileID: 0}
    - target: {fileID: 8616814157135957061, guid: ab5eefa3687b7864698607e86e621204,
        type: 3}
      propertyPath: m_LocalRotation.y
      value: -0.38268343
      objectReference: {fileID: 0}
    - target: {fileID: 8616814157135957061, guid: ab5eefa3687b7864698607e86e621204,
        type: 3}
      propertyPath: m_LocalRotation.z
      value: -0
      objectReference: {fileID: 0}
    - target: {fileID: 8616814157135957061, guid: ab5eefa3687b7864698607e86e621204,
        type: 3}
      propertyPath: m_LocalRotation.w
      value: 0.92387956
      objectReference: {fileID: 0}
    - target: {fileID: 8616814157135957061, guid: ab5eefa3687b7864698607e86e621204,
        type: 3}
      propertyPath: m_RootOrder
      value: 0
      objectReference: {fileID: 0}
    - target: {fileID: 8616814157135957061, guid: ab5eefa3687b7864698607e86e621204,
        type: 3}
      propertyPath: m_LocalEulerAnglesHint.x
      value: 0
      objectReference: {fileID: 0}
    - target: {fileID: 8616814157135957061, guid: ab5eefa3687b7864698607e86e621204,
        type: 3}
      propertyPath: m_LocalEulerAnglesHint.y
      value: 0
      objectReference: {fileID: 0}
    - target: {fileID: 8616814157135957061, guid: ab5eefa3687b7864698607e86e621204,
        type: 3}
      propertyPath: m_LocalEulerAnglesHint.z
      value: 0
      objectReference: {fileID: 0}
    - target: {fileID: 1716962108875999824, guid: ab5eefa3687b7864698607e86e621204,
        type: 3}
      propertyPath: m_Layer
      value: 13
      objectReference: {fileID: 0}
    - target: {fileID: 4855669657253629738, guid: ab5eefa3687b7864698607e86e621204,
        type: 3}
      propertyPath: m_Layer
      value: 13
      objectReference: {fileID: 0}
    - target: {fileID: 2113345280477052406, guid: ab5eefa3687b7864698607e86e621204,
        type: 3}
      propertyPath: m_Layer
      value: 13
      objectReference: {fileID: 0}
    - target: {fileID: 7602364895159060513, guid: ab5eefa3687b7864698607e86e621204,
        type: 3}
      propertyPath: m_Layer
      value: 13
      objectReference: {fileID: 0}
    m_RemovedComponents: []
  m_SourcePrefab: {fileID: 100100000, guid: ab5eefa3687b7864698607e86e621204, type: 3}
--- !u!4 &6194606187025740836 stripped
Transform:
  m_CorrespondingSourceObject: {fileID: 8616814157135957061, guid: ab5eefa3687b7864698607e86e621204,
    type: 3}
  m_PrefabInstance: {fileID: 2477748713498245217}
  m_PrefabAsset: {fileID: 0}
--- !u!1001 &2512579418889044255
PrefabInstance:
  m_ObjectHideFlags: 0
  serializedVersion: 2
  m_Modification:
    m_TransformParent: {fileID: 8007071017386040870}
    m_Modifications:
    - target: {fileID: 1541646678616672823, guid: ab5eefa3687b7864698607e86e621204,
        type: 3}
      propertyPath: m_Name
      value: Vertex12
      objectReference: {fileID: 0}
    - target: {fileID: 1541646678616672823, guid: ab5eefa3687b7864698607e86e621204,
        type: 3}
      propertyPath: m_Layer
      value: 13
      objectReference: {fileID: 0}
    - target: {fileID: 8616814157135957061, guid: ab5eefa3687b7864698607e86e621204,
        type: 3}
      propertyPath: m_LocalPosition.x
      value: -0.175
      objectReference: {fileID: 0}
    - target: {fileID: 8616814157135957061, guid: ab5eefa3687b7864698607e86e621204,
        type: 3}
      propertyPath: m_LocalPosition.y
      value: 0
      objectReference: {fileID: 0}
    - target: {fileID: 8616814157135957061, guid: ab5eefa3687b7864698607e86e621204,
        type: 3}
      propertyPath: m_LocalPosition.z
      value: -0.175
      objectReference: {fileID: 0}
    - target: {fileID: 8616814157135957061, guid: ab5eefa3687b7864698607e86e621204,
        type: 3}
      propertyPath: m_LocalRotation.x
      value: -0
      objectReference: {fileID: 0}
    - target: {fileID: 8616814157135957061, guid: ab5eefa3687b7864698607e86e621204,
        type: 3}
      propertyPath: m_LocalRotation.y
      value: -0
      objectReference: {fileID: 0}
    - target: {fileID: 8616814157135957061, guid: ab5eefa3687b7864698607e86e621204,
        type: 3}
      propertyPath: m_LocalRotation.z
      value: -0
      objectReference: {fileID: 0}
    - target: {fileID: 8616814157135957061, guid: ab5eefa3687b7864698607e86e621204,
        type: 3}
      propertyPath: m_LocalRotation.w
      value: 1
      objectReference: {fileID: 0}
    - target: {fileID: 8616814157135957061, guid: ab5eefa3687b7864698607e86e621204,
        type: 3}
      propertyPath: m_RootOrder
      value: 3
      objectReference: {fileID: 0}
    - target: {fileID: 8616814157135957061, guid: ab5eefa3687b7864698607e86e621204,
        type: 3}
      propertyPath: m_LocalEulerAnglesHint.x
      value: 0
      objectReference: {fileID: 0}
    - target: {fileID: 8616814157135957061, guid: ab5eefa3687b7864698607e86e621204,
        type: 3}
      propertyPath: m_LocalEulerAnglesHint.y
      value: 0
      objectReference: {fileID: 0}
    - target: {fileID: 8616814157135957061, guid: ab5eefa3687b7864698607e86e621204,
        type: 3}
      propertyPath: m_LocalEulerAnglesHint.z
      value: 0
      objectReference: {fileID: 0}
    - target: {fileID: 1716962108875999824, guid: ab5eefa3687b7864698607e86e621204,
        type: 3}
      propertyPath: m_Layer
      value: 13
      objectReference: {fileID: 0}
    - target: {fileID: 4855669657253629738, guid: ab5eefa3687b7864698607e86e621204,
        type: 3}
      propertyPath: m_Layer
      value: 13
      objectReference: {fileID: 0}
    - target: {fileID: 2113345280477052406, guid: ab5eefa3687b7864698607e86e621204,
        type: 3}
      propertyPath: m_Layer
      value: 13
      objectReference: {fileID: 0}
    - target: {fileID: 7602364895159060513, guid: ab5eefa3687b7864698607e86e621204,
        type: 3}
      propertyPath: m_Layer
      value: 13
      objectReference: {fileID: 0}
    m_RemovedComponents: []
  m_SourcePrefab: {fileID: 100100000, guid: ab5eefa3687b7864698607e86e621204, type: 3}
--- !u!4 &6146124284574272858 stripped
Transform:
  m_CorrespondingSourceObject: {fileID: 8616814157135957061, guid: ab5eefa3687b7864698607e86e621204,
    type: 3}
  m_PrefabInstance: {fileID: 2512579418889044255}
  m_PrefabAsset: {fileID: 0}
--- !u!1001 &2936551376031084502
PrefabInstance:
  m_ObjectHideFlags: 0
  serializedVersion: 2
  m_Modification:
    m_TransformParent: {fileID: 8007071017386040870}
    m_Modifications:
    - target: {fileID: 1541646678616672823, guid: ab5eefa3687b7864698607e86e621204,
        type: 3}
      propertyPath: m_Name
      value: Vertex10
      objectReference: {fileID: 0}
    - target: {fileID: 1541646678616672823, guid: ab5eefa3687b7864698607e86e621204,
        type: 3}
      propertyPath: m_Layer
      value: 13
      objectReference: {fileID: 0}
    - target: {fileID: 8616814157135957061, guid: ab5eefa3687b7864698607e86e621204,
        type: 3}
      propertyPath: m_LocalPosition.x
      value: 0.1751
      objectReference: {fileID: 0}
    - target: {fileID: 8616814157135957061, guid: ab5eefa3687b7864698607e86e621204,
        type: 3}
      propertyPath: m_LocalPosition.y
      value: 0
      objectReference: {fileID: 0}
    - target: {fileID: 8616814157135957061, guid: ab5eefa3687b7864698607e86e621204,
        type: 3}
      propertyPath: m_LocalPosition.z
      value: 0.175
      objectReference: {fileID: 0}
    - target: {fileID: 8616814157135957061, guid: ab5eefa3687b7864698607e86e621204,
        type: 3}
      propertyPath: m_LocalRotation.x
      value: -0
      objectReference: {fileID: 0}
    - target: {fileID: 8616814157135957061, guid: ab5eefa3687b7864698607e86e621204,
        type: 3}
      propertyPath: m_LocalRotation.y
      value: -0
      objectReference: {fileID: 0}
    - target: {fileID: 8616814157135957061, guid: ab5eefa3687b7864698607e86e621204,
        type: 3}
      propertyPath: m_LocalRotation.z
      value: -0
      objectReference: {fileID: 0}
    - target: {fileID: 8616814157135957061, guid: ab5eefa3687b7864698607e86e621204,
        type: 3}
      propertyPath: m_LocalRotation.w
      value: 1
      objectReference: {fileID: 0}
    - target: {fileID: 8616814157135957061, guid: ab5eefa3687b7864698607e86e621204,
        type: 3}
      propertyPath: m_RootOrder
      value: 1
      objectReference: {fileID: 0}
    - target: {fileID: 8616814157135957061, guid: ab5eefa3687b7864698607e86e621204,
        type: 3}
      propertyPath: m_LocalEulerAnglesHint.x
      value: 0
      objectReference: {fileID: 0}
    - target: {fileID: 8616814157135957061, guid: ab5eefa3687b7864698607e86e621204,
        type: 3}
      propertyPath: m_LocalEulerAnglesHint.y
      value: 0
      objectReference: {fileID: 0}
    - target: {fileID: 8616814157135957061, guid: ab5eefa3687b7864698607e86e621204,
        type: 3}
      propertyPath: m_LocalEulerAnglesHint.z
      value: 0
      objectReference: {fileID: 0}
    - target: {fileID: 1716962108875999824, guid: ab5eefa3687b7864698607e86e621204,
        type: 3}
      propertyPath: m_Layer
      value: 13
      objectReference: {fileID: 0}
    - target: {fileID: 4855669657253629738, guid: ab5eefa3687b7864698607e86e621204,
        type: 3}
      propertyPath: m_Layer
      value: 13
      objectReference: {fileID: 0}
    - target: {fileID: 2113345280477052406, guid: ab5eefa3687b7864698607e86e621204,
        type: 3}
      propertyPath: m_Layer
      value: 13
      objectReference: {fileID: 0}
    - target: {fileID: 7602364895159060513, guid: ab5eefa3687b7864698607e86e621204,
        type: 3}
      propertyPath: m_Layer
      value: 13
      objectReference: {fileID: 0}
    m_RemovedComponents: []
  m_SourcePrefab: {fileID: 100100000, guid: ab5eefa3687b7864698607e86e621204, type: 3}
--- !u!4 &6869585069848208275 stripped
Transform:
  m_CorrespondingSourceObject: {fileID: 8616814157135957061, guid: ab5eefa3687b7864698607e86e621204,
    type: 3}
  m_PrefabInstance: {fileID: 2936551376031084502}
  m_PrefabAsset: {fileID: 0}
--- !u!1001 &3281110476606774179
PrefabInstance:
  m_ObjectHideFlags: 0
  serializedVersion: 2
  m_Modification:
    m_TransformParent: {fileID: 58118276265305698}
    m_Modifications:
    - target: {fileID: 1541646678616672823, guid: ab5eefa3687b7864698607e86e621204,
        type: 3}
      propertyPath: m_Name
      value: Vertex07
      objectReference: {fileID: 0}
    - target: {fileID: 1541646678616672823, guid: ab5eefa3687b7864698607e86e621204,
        type: 3}
      propertyPath: m_Layer
      value: 13
      objectReference: {fileID: 0}
    - target: {fileID: 8616814157135957061, guid: ab5eefa3687b7864698607e86e621204,
        type: 3}
      propertyPath: m_LocalPosition.x
      value: -0.09998489
      objectReference: {fileID: 0}
    - target: {fileID: 8616814157135957061, guid: ab5eefa3687b7864698607e86e621204,
        type: 3}
      propertyPath: m_LocalPosition.y
      value: 0
      objectReference: {fileID: 0}
    - target: {fileID: 8616814157135957061, guid: ab5eefa3687b7864698607e86e621204,
        type: 3}
      propertyPath: m_LocalPosition.z
      value: 0.0999849
      objectReference: {fileID: 0}
    - target: {fileID: 8616814157135957061, guid: ab5eefa3687b7864698607e86e621204,
        type: 3}
      propertyPath: m_LocalRotation.x
      value: -0
      objectReference: {fileID: 0}
    - target: {fileID: 8616814157135957061, guid: ab5eefa3687b7864698607e86e621204,
        type: 3}
      propertyPath: m_LocalRotation.y
      value: -0.38268343
      objectReference: {fileID: 0}
    - target: {fileID: 8616814157135957061, guid: ab5eefa3687b7864698607e86e621204,
        type: 3}
      propertyPath: m_LocalRotation.z
      value: -0
      objectReference: {fileID: 0}
    - target: {fileID: 8616814157135957061, guid: ab5eefa3687b7864698607e86e621204,
        type: 3}
      propertyPath: m_LocalRotation.w
      value: 0.92387956
      objectReference: {fileID: 0}
    - target: {fileID: 8616814157135957061, guid: ab5eefa3687b7864698607e86e621204,
        type: 3}
      propertyPath: m_RootOrder
      value: 2
      objectReference: {fileID: 0}
    - target: {fileID: 8616814157135957061, guid: ab5eefa3687b7864698607e86e621204,
        type: 3}
      propertyPath: m_LocalEulerAnglesHint.x
      value: 0
      objectReference: {fileID: 0}
    - target: {fileID: 8616814157135957061, guid: ab5eefa3687b7864698607e86e621204,
        type: 3}
      propertyPath: m_LocalEulerAnglesHint.y
      value: 0
      objectReference: {fileID: 0}
    - target: {fileID: 8616814157135957061, guid: ab5eefa3687b7864698607e86e621204,
        type: 3}
      propertyPath: m_LocalEulerAnglesHint.z
      value: 0
      objectReference: {fileID: 0}
    - target: {fileID: 1716962108875999824, guid: ab5eefa3687b7864698607e86e621204,
        type: 3}
      propertyPath: m_Layer
      value: 13
      objectReference: {fileID: 0}
    - target: {fileID: 4855669657253629738, guid: ab5eefa3687b7864698607e86e621204,
        type: 3}
      propertyPath: m_Layer
      value: 13
      objectReference: {fileID: 0}
    - target: {fileID: 2113345280477052406, guid: ab5eefa3687b7864698607e86e621204,
        type: 3}
      propertyPath: m_Layer
      value: 13
      objectReference: {fileID: 0}
    - target: {fileID: 7602364895159060513, guid: ab5eefa3687b7864698607e86e621204,
        type: 3}
      propertyPath: m_Layer
      value: 13
      objectReference: {fileID: 0}
    m_RemovedComponents: []
  m_SourcePrefab: {fileID: 100100000, guid: ab5eefa3687b7864698607e86e621204, type: 3}
--- !u!4 &6493568658412984294 stripped
Transform:
  m_CorrespondingSourceObject: {fileID: 8616814157135957061, guid: ab5eefa3687b7864698607e86e621204,
    type: 3}
  m_PrefabInstance: {fileID: 3281110476606774179}
  m_PrefabAsset: {fileID: 0}
--- !u!1001 &4720026091202798108
PrefabInstance:
  m_ObjectHideFlags: 0
  serializedVersion: 2
  m_Modification:
    m_TransformParent: {fileID: 7663857593525252381}
    m_Modifications:
    - target: {fileID: 6293992491625440448, guid: 5e67783ba8ce75e419dba0cfda2627f8,
        type: 3}
      propertyPath: m_Name
      value: BulletTimeEffect
      objectReference: {fileID: 0}
    - target: {fileID: 6951392669228205580, guid: 5e67783ba8ce75e419dba0cfda2627f8,
        type: 3}
      propertyPath: m_LocalPosition.x
      value: 0
      objectReference: {fileID: 0}
    - target: {fileID: 6951392669228205580, guid: 5e67783ba8ce75e419dba0cfda2627f8,
        type: 3}
      propertyPath: m_LocalPosition.y
      value: 0
      objectReference: {fileID: 0}
    - target: {fileID: 6951392669228205580, guid: 5e67783ba8ce75e419dba0cfda2627f8,
        type: 3}
      propertyPath: m_LocalPosition.z
      value: 0
      objectReference: {fileID: 0}
    - target: {fileID: 6951392669228205580, guid: 5e67783ba8ce75e419dba0cfda2627f8,
        type: 3}
      propertyPath: m_LocalRotation.x
      value: -0
      objectReference: {fileID: 0}
    - target: {fileID: 6951392669228205580, guid: 5e67783ba8ce75e419dba0cfda2627f8,
        type: 3}
      propertyPath: m_LocalRotation.y
      value: -0
      objectReference: {fileID: 0}
    - target: {fileID: 6951392669228205580, guid: 5e67783ba8ce75e419dba0cfda2627f8,
        type: 3}
      propertyPath: m_LocalRotation.z
      value: -0
      objectReference: {fileID: 0}
    - target: {fileID: 6951392669228205580, guid: 5e67783ba8ce75e419dba0cfda2627f8,
        type: 3}
      propertyPath: m_LocalRotation.w
      value: 1
      objectReference: {fileID: 0}
    - target: {fileID: 6951392669228205580, guid: 5e67783ba8ce75e419dba0cfda2627f8,
        type: 3}
      propertyPath: m_RootOrder
      value: 1
      objectReference: {fileID: 0}
    - target: {fileID: 6951392669228205580, guid: 5e67783ba8ce75e419dba0cfda2627f8,
        type: 3}
      propertyPath: m_LocalEulerAnglesHint.x
      value: 0
      objectReference: {fileID: 0}
    - target: {fileID: 6951392669228205580, guid: 5e67783ba8ce75e419dba0cfda2627f8,
        type: 3}
      propertyPath: m_LocalEulerAnglesHint.y
      value: 0
      objectReference: {fileID: 0}
    - target: {fileID: 6951392669228205580, guid: 5e67783ba8ce75e419dba0cfda2627f8,
        type: 3}
      propertyPath: m_LocalEulerAnglesHint.z
      value: 0
      objectReference: {fileID: 0}
    m_RemovedComponents: []
  m_SourcePrefab: {fileID: 100100000, guid: 5e67783ba8ce75e419dba0cfda2627f8, type: 3}
--- !u!4 &2447891620476871696 stripped
Transform:
  m_CorrespondingSourceObject: {fileID: 6951392669228205580, guid: 5e67783ba8ce75e419dba0cfda2627f8,
    type: 3}
  m_PrefabInstance: {fileID: 4720026091202798108}
  m_PrefabAsset: {fileID: 0}
--- !u!198 &1806480872533901543 stripped
ParticleSystem:
  m_CorrespondingSourceObject: {fileID: 6381898024051548923, guid: 5e67783ba8ce75e419dba0cfda2627f8,
    type: 3}
  m_PrefabInstance: {fileID: 4720026091202798108}
  m_PrefabAsset: {fileID: 0}
--- !u!1001 &6014980169673367847
PrefabInstance:
  m_ObjectHideFlags: 0
  serializedVersion: 2
  m_Modification:
    m_TransformParent: {fileID: 58118276265305698}
    m_Modifications:
    - target: {fileID: 1541646678616672823, guid: ab5eefa3687b7864698607e86e621204,
        type: 3}
      propertyPath: m_Name
      value: Vertex06
      objectReference: {fileID: 0}
    - target: {fileID: 1541646678616672823, guid: ab5eefa3687b7864698607e86e621204,
        type: 3}
      propertyPath: m_Layer
      value: 13
      objectReference: {fileID: 0}
    - target: {fileID: 8616814157135957061, guid: ab5eefa3687b7864698607e86e621204,
        type: 3}
      propertyPath: m_LocalPosition.x
      value: 0.0999849
      objectReference: {fileID: 0}
    - target: {fileID: 8616814157135957061, guid: ab5eefa3687b7864698607e86e621204,
        type: 3}
      propertyPath: m_LocalPosition.y
      value: 0
      objectReference: {fileID: 0}
    - target: {fileID: 8616814157135957061, guid: ab5eefa3687b7864698607e86e621204,
        type: 3}
      propertyPath: m_LocalPosition.z
      value: 0.09998489
      objectReference: {fileID: 0}
    - target: {fileID: 8616814157135957061, guid: ab5eefa3687b7864698607e86e621204,
        type: 3}
      propertyPath: m_LocalRotation.x
      value: -0
      objectReference: {fileID: 0}
    - target: {fileID: 8616814157135957061, guid: ab5eefa3687b7864698607e86e621204,
        type: 3}
      propertyPath: m_LocalRotation.y
      value: -0.38268343
      objectReference: {fileID: 0}
    - target: {fileID: 8616814157135957061, guid: ab5eefa3687b7864698607e86e621204,
        type: 3}
      propertyPath: m_LocalRotation.z
      value: -0
      objectReference: {fileID: 0}
    - target: {fileID: 8616814157135957061, guid: ab5eefa3687b7864698607e86e621204,
        type: 3}
      propertyPath: m_LocalRotation.w
      value: 0.92387956
      objectReference: {fileID: 0}
    - target: {fileID: 8616814157135957061, guid: ab5eefa3687b7864698607e86e621204,
        type: 3}
      propertyPath: m_RootOrder
      value: 1
      objectReference: {fileID: 0}
    - target: {fileID: 8616814157135957061, guid: ab5eefa3687b7864698607e86e621204,
        type: 3}
      propertyPath: m_LocalEulerAnglesHint.x
      value: 0
      objectReference: {fileID: 0}
    - target: {fileID: 8616814157135957061, guid: ab5eefa3687b7864698607e86e621204,
        type: 3}
      propertyPath: m_LocalEulerAnglesHint.y
      value: 0
      objectReference: {fileID: 0}
    - target: {fileID: 8616814157135957061, guid: ab5eefa3687b7864698607e86e621204,
        type: 3}
      propertyPath: m_LocalEulerAnglesHint.z
      value: 0
      objectReference: {fileID: 0}
    - target: {fileID: 1716962108875999824, guid: ab5eefa3687b7864698607e86e621204,
        type: 3}
      propertyPath: m_Layer
      value: 13
      objectReference: {fileID: 0}
    - target: {fileID: 4855669657253629738, guid: ab5eefa3687b7864698607e86e621204,
        type: 3}
      propertyPath: m_Layer
      value: 13
      objectReference: {fileID: 0}
    - target: {fileID: 2113345280477052406, guid: ab5eefa3687b7864698607e86e621204,
        type: 3}
      propertyPath: m_Layer
      value: 13
      objectReference: {fileID: 0}
    - target: {fileID: 7602364895159060513, guid: ab5eefa3687b7864698607e86e621204,
        type: 3}
      propertyPath: m_Layer
      value: 13
      objectReference: {fileID: 0}
    m_RemovedComponents: []
  m_SourcePrefab: {fileID: 100100000, guid: ab5eefa3687b7864698607e86e621204, type: 3}
--- !u!4 &2660662326591696226 stripped
Transform:
  m_CorrespondingSourceObject: {fileID: 8616814157135957061, guid: ab5eefa3687b7864698607e86e621204,
    type: 3}
  m_PrefabInstance: {fileID: 6014980169673367847}
  m_PrefabAsset: {fileID: 0}
--- !u!1001 &6157470479774780263
PrefabInstance:
  m_ObjectHideFlags: 0
  serializedVersion: 2
  m_Modification:
    m_TransformParent: {fileID: 1397046519245937424}
    m_Modifications:
    - target: {fileID: 1541646678616672823, guid: ab5eefa3687b7864698607e86e621204,
        type: 3}
      propertyPath: m_Name
      value: Vertex02
      objectReference: {fileID: 0}
    - target: {fileID: 1541646678616672823, guid: ab5eefa3687b7864698607e86e621204,
        type: 3}
      propertyPath: m_Layer
      value: 13
      objectReference: {fileID: 0}
    - target: {fileID: 8616814157135957061, guid: ab5eefa3687b7864698607e86e621204,
        type: 3}
      propertyPath: m_LocalPosition.x
      value: 2.485
      objectReference: {fileID: 0}
    - target: {fileID: 8616814157135957061, guid: ab5eefa3687b7864698607e86e621204,
        type: 3}
      propertyPath: m_LocalPosition.y
      value: 0
      objectReference: {fileID: 0}
    - target: {fileID: 8616814157135957061, guid: ab5eefa3687b7864698607e86e621204,
        type: 3}
      propertyPath: m_LocalPosition.z
      value: 0.24995
      objectReference: {fileID: 0}
    - target: {fileID: 8616814157135957061, guid: ab5eefa3687b7864698607e86e621204,
        type: 3}
      propertyPath: m_LocalRotation.x
      value: -0
      objectReference: {fileID: 0}
    - target: {fileID: 8616814157135957061, guid: ab5eefa3687b7864698607e86e621204,
        type: 3}
      propertyPath: m_LocalRotation.y
      value: -0
      objectReference: {fileID: 0}
    - target: {fileID: 8616814157135957061, guid: ab5eefa3687b7864698607e86e621204,
        type: 3}
      propertyPath: m_LocalRotation.z
      value: -0
      objectReference: {fileID: 0}
    - target: {fileID: 8616814157135957061, guid: ab5eefa3687b7864698607e86e621204,
        type: 3}
      propertyPath: m_LocalRotation.w
      value: 1
      objectReference: {fileID: 0}
    - target: {fileID: 8616814157135957061, guid: ab5eefa3687b7864698607e86e621204,
        type: 3}
      propertyPath: m_RootOrder
      value: 1
      objectReference: {fileID: 0}
    - target: {fileID: 8616814157135957061, guid: ab5eefa3687b7864698607e86e621204,
        type: 3}
      propertyPath: m_LocalEulerAnglesHint.x
      value: 0
      objectReference: {fileID: 0}
    - target: {fileID: 8616814157135957061, guid: ab5eefa3687b7864698607e86e621204,
        type: 3}
      propertyPath: m_LocalEulerAnglesHint.y
      value: 0
      objectReference: {fileID: 0}
    - target: {fileID: 8616814157135957061, guid: ab5eefa3687b7864698607e86e621204,
        type: 3}
      propertyPath: m_LocalEulerAnglesHint.z
      value: 0
      objectReference: {fileID: 0}
    - target: {fileID: 1716962108875999824, guid: ab5eefa3687b7864698607e86e621204,
        type: 3}
      propertyPath: m_Layer
      value: 13
      objectReference: {fileID: 0}
    - target: {fileID: 4855669657253629738, guid: ab5eefa3687b7864698607e86e621204,
        type: 3}
      propertyPath: m_Layer
      value: 13
      objectReference: {fileID: 0}
    - target: {fileID: 2113345280477052406, guid: ab5eefa3687b7864698607e86e621204,
        type: 3}
      propertyPath: m_Layer
      value: 13
      objectReference: {fileID: 0}
    - target: {fileID: 7602364895159060513, guid: ab5eefa3687b7864698607e86e621204,
        type: 3}
      propertyPath: m_Layer
      value: 13
      objectReference: {fileID: 0}
    m_RemovedComponents: []
  m_SourcePrefab: {fileID: 100100000, guid: ab5eefa3687b7864698607e86e621204, type: 3}
--- !u!4 &2514882251796989730 stripped
Transform:
  m_CorrespondingSourceObject: {fileID: 8616814157135957061, guid: ab5eefa3687b7864698607e86e621204,
    type: 3}
  m_PrefabInstance: {fileID: 6157470479774780263}
  m_PrefabAsset: {fileID: 0}
--- !u!1001 &6167869558145738483
PrefabInstance:
  m_ObjectHideFlags: 0
  serializedVersion: 2
  m_Modification:
    m_TransformParent: {fileID: 1397046519245937424}
    m_Modifications:
    - target: {fileID: 1541646678616672823, guid: ab5eefa3687b7864698607e86e621204,
        type: 3}
      propertyPath: m_Name
      value: Vertex03
      objectReference: {fileID: 0}
    - target: {fileID: 1541646678616672823, guid: ab5eefa3687b7864698607e86e621204,
        type: 3}
      propertyPath: m_Layer
      value: 13
      objectReference: {fileID: 0}
    - target: {fileID: 8616814157135957061, guid: ab5eefa3687b7864698607e86e621204,
        type: 3}
      propertyPath: m_LocalPosition.x
      value: 2.485
      objectReference: {fileID: 0}
    - target: {fileID: 8616814157135957061, guid: ab5eefa3687b7864698607e86e621204,
        type: 3}
      propertyPath: m_LocalPosition.y
      value: 0
      objectReference: {fileID: 0}
    - target: {fileID: 8616814157135957061, guid: ab5eefa3687b7864698607e86e621204,
        type: 3}
      propertyPath: m_LocalPosition.z
      value: -0.25
      objectReference: {fileID: 0}
    - target: {fileID: 8616814157135957061, guid: ab5eefa3687b7864698607e86e621204,
        type: 3}
      propertyPath: m_LocalRotation.x
      value: -0
      objectReference: {fileID: 0}
    - target: {fileID: 8616814157135957061, guid: ab5eefa3687b7864698607e86e621204,
        type: 3}
      propertyPath: m_LocalRotation.y
      value: -0
      objectReference: {fileID: 0}
    - target: {fileID: 8616814157135957061, guid: ab5eefa3687b7864698607e86e621204,
        type: 3}
      propertyPath: m_LocalRotation.z
      value: -0
      objectReference: {fileID: 0}
    - target: {fileID: 8616814157135957061, guid: ab5eefa3687b7864698607e86e621204,
        type: 3}
      propertyPath: m_LocalRotation.w
      value: 1
      objectReference: {fileID: 0}
    - target: {fileID: 8616814157135957061, guid: ab5eefa3687b7864698607e86e621204,
        type: 3}
      propertyPath: m_RootOrder
      value: 2
      objectReference: {fileID: 0}
    - target: {fileID: 8616814157135957061, guid: ab5eefa3687b7864698607e86e621204,
        type: 3}
      propertyPath: m_LocalEulerAnglesHint.x
      value: 0
      objectReference: {fileID: 0}
    - target: {fileID: 8616814157135957061, guid: ab5eefa3687b7864698607e86e621204,
        type: 3}
      propertyPath: m_LocalEulerAnglesHint.y
      value: 0
      objectReference: {fileID: 0}
    - target: {fileID: 8616814157135957061, guid: ab5eefa3687b7864698607e86e621204,
        type: 3}
      propertyPath: m_LocalEulerAnglesHint.z
      value: 0
      objectReference: {fileID: 0}
    - target: {fileID: 1716962108875999824, guid: ab5eefa3687b7864698607e86e621204,
        type: 3}
      propertyPath: m_Layer
      value: 13
      objectReference: {fileID: 0}
    - target: {fileID: 4855669657253629738, guid: ab5eefa3687b7864698607e86e621204,
        type: 3}
      propertyPath: m_Layer
      value: 13
      objectReference: {fileID: 0}
    - target: {fileID: 2113345280477052406, guid: ab5eefa3687b7864698607e86e621204,
        type: 3}
      propertyPath: m_Layer
      value: 13
      objectReference: {fileID: 0}
    - target: {fileID: 7602364895159060513, guid: ab5eefa3687b7864698607e86e621204,
        type: 3}
      propertyPath: m_Layer
      value: 13
      objectReference: {fileID: 0}
    m_RemovedComponents: []
  m_SourcePrefab: {fileID: 100100000, guid: ab5eefa3687b7864698607e86e621204, type: 3}
--- !u!4 &2453826817167829686 stripped
Transform:
  m_CorrespondingSourceObject: {fileID: 8616814157135957061, guid: ab5eefa3687b7864698607e86e621204,
    type: 3}
  m_PrefabInstance: {fileID: 6167869558145738483}
  m_PrefabAsset: {fileID: 0}
--- !u!1001 &7345336415613263986
PrefabInstance:
  m_ObjectHideFlags: 0
  serializedVersion: 2
  m_Modification:
    m_TransformParent: {fileID: 1397046519245937424}
    m_Modifications:
    - target: {fileID: 1541646678616672823, guid: ab5eefa3687b7864698607e86e621204,
        type: 3}
      propertyPath: m_Name
      value: Vertex01
      objectReference: {fileID: 0}
    - target: {fileID: 1541646678616672823, guid: ab5eefa3687b7864698607e86e621204,
        type: 3}
      propertyPath: m_Layer
      value: 13
      objectReference: {fileID: 0}
    - target: {fileID: 8616814157135957061, guid: ab5eefa3687b7864698607e86e621204,
        type: 3}
      propertyPath: m_LocalPosition.x
      value: -2.4851
      objectReference: {fileID: 0}
    - target: {fileID: 8616814157135957061, guid: ab5eefa3687b7864698607e86e621204,
        type: 3}
      propertyPath: m_LocalPosition.y
      value: 0
      objectReference: {fileID: 0}
    - target: {fileID: 8616814157135957061, guid: ab5eefa3687b7864698607e86e621204,
        type: 3}
      propertyPath: m_LocalPosition.z
      value: 0.24995
      objectReference: {fileID: 0}
    - target: {fileID: 8616814157135957061, guid: ab5eefa3687b7864698607e86e621204,
        type: 3}
      propertyPath: m_LocalRotation.x
      value: -0
      objectReference: {fileID: 0}
    - target: {fileID: 8616814157135957061, guid: ab5eefa3687b7864698607e86e621204,
        type: 3}
      propertyPath: m_LocalRotation.y
      value: -0
      objectReference: {fileID: 0}
    - target: {fileID: 8616814157135957061, guid: ab5eefa3687b7864698607e86e621204,
        type: 3}
      propertyPath: m_LocalRotation.z
      value: -0
      objectReference: {fileID: 0}
    - target: {fileID: 8616814157135957061, guid: ab5eefa3687b7864698607e86e621204,
        type: 3}
      propertyPath: m_LocalRotation.w
      value: 1
      objectReference: {fileID: 0}
    - target: {fileID: 8616814157135957061, guid: ab5eefa3687b7864698607e86e621204,
        type: 3}
      propertyPath: m_RootOrder
      value: 0
      objectReference: {fileID: 0}
    - target: {fileID: 8616814157135957061, guid: ab5eefa3687b7864698607e86e621204,
        type: 3}
      propertyPath: m_LocalEulerAnglesHint.x
      value: 0
      objectReference: {fileID: 0}
    - target: {fileID: 8616814157135957061, guid: ab5eefa3687b7864698607e86e621204,
        type: 3}
      propertyPath: m_LocalEulerAnglesHint.y
      value: 0
      objectReference: {fileID: 0}
    - target: {fileID: 8616814157135957061, guid: ab5eefa3687b7864698607e86e621204,
        type: 3}
      propertyPath: m_LocalEulerAnglesHint.z
      value: 0
      objectReference: {fileID: 0}
    - target: {fileID: 1716962108875999824, guid: ab5eefa3687b7864698607e86e621204,
        type: 3}
      propertyPath: m_Layer
      value: 13
      objectReference: {fileID: 0}
    - target: {fileID: 4855669657253629738, guid: ab5eefa3687b7864698607e86e621204,
        type: 3}
      propertyPath: m_Layer
      value: 13
      objectReference: {fileID: 0}
    - target: {fileID: 2113345280477052406, guid: ab5eefa3687b7864698607e86e621204,
        type: 3}
      propertyPath: m_Layer
      value: 13
      objectReference: {fileID: 0}
    - target: {fileID: 7602364895159060513, guid: ab5eefa3687b7864698607e86e621204,
        type: 3}
      propertyPath: m_Layer
      value: 13
      objectReference: {fileID: 0}
    m_RemovedComponents: []
  m_SourcePrefab: {fileID: 100100000, guid: ab5eefa3687b7864698607e86e621204, type: 3}
--- !u!4 &1331643133770591287 stripped
Transform:
  m_CorrespondingSourceObject: {fileID: 8616814157135957061, guid: ab5eefa3687b7864698607e86e621204,
    type: 3}
  m_PrefabInstance: {fileID: 7345336415613263986}
  m_PrefabAsset: {fileID: 0}
--- !u!1001 &8206784126610999195
PrefabInstance:
  m_ObjectHideFlags: 0
  serializedVersion: 2
  m_Modification:
    m_TransformParent: {fileID: 8007071017386040870}
    m_Modifications:
    - target: {fileID: 1541646678616672823, guid: ab5eefa3687b7864698607e86e621204,
        type: 3}
      propertyPath: m_Name
      value: Vertex11
      objectReference: {fileID: 0}
    - target: {fileID: 1541646678616672823, guid: ab5eefa3687b7864698607e86e621204,
        type: 3}
      propertyPath: m_Layer
      value: 13
      objectReference: {fileID: 0}
    - target: {fileID: 8616814157135957061, guid: ab5eefa3687b7864698607e86e621204,
        type: 3}
      propertyPath: m_LocalPosition.x
      value: 0.1751
      objectReference: {fileID: 0}
    - target: {fileID: 8616814157135957061, guid: ab5eefa3687b7864698607e86e621204,
        type: 3}
      propertyPath: m_LocalPosition.y
      value: 0
      objectReference: {fileID: 0}
    - target: {fileID: 8616814157135957061, guid: ab5eefa3687b7864698607e86e621204,
        type: 3}
      propertyPath: m_LocalPosition.z
      value: -0.175
      objectReference: {fileID: 0}
    - target: {fileID: 8616814157135957061, guid: ab5eefa3687b7864698607e86e621204,
        type: 3}
      propertyPath: m_LocalRotation.x
      value: -0
      objectReference: {fileID: 0}
    - target: {fileID: 8616814157135957061, guid: ab5eefa3687b7864698607e86e621204,
        type: 3}
      propertyPath: m_LocalRotation.y
      value: -0
      objectReference: {fileID: 0}
    - target: {fileID: 8616814157135957061, guid: ab5eefa3687b7864698607e86e621204,
        type: 3}
      propertyPath: m_LocalRotation.z
      value: -0
      objectReference: {fileID: 0}
    - target: {fileID: 8616814157135957061, guid: ab5eefa3687b7864698607e86e621204,
        type: 3}
      propertyPath: m_LocalRotation.w
      value: 1
      objectReference: {fileID: 0}
    - target: {fileID: 8616814157135957061, guid: ab5eefa3687b7864698607e86e621204,
        type: 3}
      propertyPath: m_RootOrder
      value: 2
      objectReference: {fileID: 0}
    - target: {fileID: 8616814157135957061, guid: ab5eefa3687b7864698607e86e621204,
        type: 3}
      propertyPath: m_LocalEulerAnglesHint.x
      value: 0
      objectReference: {fileID: 0}
    - target: {fileID: 8616814157135957061, guid: ab5eefa3687b7864698607e86e621204,
        type: 3}
      propertyPath: m_LocalEulerAnglesHint.y
      value: 0
      objectReference: {fileID: 0}
    - target: {fileID: 8616814157135957061, guid: ab5eefa3687b7864698607e86e621204,
        type: 3}
      propertyPath: m_LocalEulerAnglesHint.z
      value: 0
      objectReference: {fileID: 0}
    - target: {fileID: 1716962108875999824, guid: ab5eefa3687b7864698607e86e621204,
        type: 3}
      propertyPath: m_Layer
      value: 13
      objectReference: {fileID: 0}
    - target: {fileID: 4855669657253629738, guid: ab5eefa3687b7864698607e86e621204,
        type: 3}
      propertyPath: m_Layer
      value: 13
      objectReference: {fileID: 0}
    - target: {fileID: 2113345280477052406, guid: ab5eefa3687b7864698607e86e621204,
        type: 3}
      propertyPath: m_Layer
      value: 13
      objectReference: {fileID: 0}
    - target: {fileID: 7602364895159060513, guid: ab5eefa3687b7864698607e86e621204,
        type: 3}
      propertyPath: m_Layer
      value: 13
      objectReference: {fileID: 0}
    m_RemovedComponents: []
  m_SourcePrefab: {fileID: 100100000, guid: ab5eefa3687b7864698607e86e621204, type: 3}
--- !u!4 &464231938124925918 stripped
Transform:
  m_CorrespondingSourceObject: {fileID: 8616814157135957061, guid: ab5eefa3687b7864698607e86e621204,
    type: 3}
  m_PrefabInstance: {fileID: 8206784126610999195}
  m_PrefabAsset: {fileID: 0}
--- !u!1001 &8564904392144310679
PrefabInstance:
  m_ObjectHideFlags: 0
  serializedVersion: 2
  m_Modification:
    m_TransformParent: {fileID: 8007071017386040870}
    m_Modifications:
    - target: {fileID: 1541646678616672823, guid: ab5eefa3687b7864698607e86e621204,
        type: 3}
      propertyPath: m_Name
      value: Vertex09
      objectReference: {fileID: 0}
    - target: {fileID: 1541646678616672823, guid: ab5eefa3687b7864698607e86e621204,
        type: 3}
      propertyPath: m_Layer
      value: 13
      objectReference: {fileID: 0}
    - target: {fileID: 8616814157135957061, guid: ab5eefa3687b7864698607e86e621204,
        type: 3}
      propertyPath: m_LocalPosition.x
      value: -0.175
      objectReference: {fileID: 0}
    - target: {fileID: 8616814157135957061, guid: ab5eefa3687b7864698607e86e621204,
        type: 3}
      propertyPath: m_LocalPosition.y
      value: 0
      objectReference: {fileID: 0}
    - target: {fileID: 8616814157135957061, guid: ab5eefa3687b7864698607e86e621204,
        type: 3}
      propertyPath: m_LocalPosition.z
      value: 0.175
      objectReference: {fileID: 0}
    - target: {fileID: 8616814157135957061, guid: ab5eefa3687b7864698607e86e621204,
        type: 3}
      propertyPath: m_LocalRotation.x
      value: -0
      objectReference: {fileID: 0}
    - target: {fileID: 8616814157135957061, guid: ab5eefa3687b7864698607e86e621204,
        type: 3}
      propertyPath: m_LocalRotation.y
      value: -0
      objectReference: {fileID: 0}
    - target: {fileID: 8616814157135957061, guid: ab5eefa3687b7864698607e86e621204,
        type: 3}
      propertyPath: m_LocalRotation.z
      value: -0
      objectReference: {fileID: 0}
    - target: {fileID: 8616814157135957061, guid: ab5eefa3687b7864698607e86e621204,
        type: 3}
      propertyPath: m_LocalRotation.w
      value: 1
      objectReference: {fileID: 0}
    - target: {fileID: 8616814157135957061, guid: ab5eefa3687b7864698607e86e621204,
        type: 3}
      propertyPath: m_RootOrder
      value: 0
      objectReference: {fileID: 0}
    - target: {fileID: 8616814157135957061, guid: ab5eefa3687b7864698607e86e621204,
        type: 3}
      propertyPath: m_LocalEulerAnglesHint.x
      value: 0
      objectReference: {fileID: 0}
    - target: {fileID: 8616814157135957061, guid: ab5eefa3687b7864698607e86e621204,
        type: 3}
      propertyPath: m_LocalEulerAnglesHint.y
      value: 0
      objectReference: {fileID: 0}
    - target: {fileID: 8616814157135957061, guid: ab5eefa3687b7864698607e86e621204,
        type: 3}
      propertyPath: m_LocalEulerAnglesHint.z
      value: 0
      objectReference: {fileID: 0}
    - target: {fileID: 1716962108875999824, guid: ab5eefa3687b7864698607e86e621204,
        type: 3}
      propertyPath: m_Layer
      value: 13
      objectReference: {fileID: 0}
    - target: {fileID: 4855669657253629738, guid: ab5eefa3687b7864698607e86e621204,
        type: 3}
      propertyPath: m_Layer
      value: 13
      objectReference: {fileID: 0}
    - target: {fileID: 2113345280477052406, guid: ab5eefa3687b7864698607e86e621204,
        type: 3}
      propertyPath: m_Layer
      value: 13
      objectReference: {fileID: 0}
    - target: {fileID: 7602364895159060513, guid: ab5eefa3687b7864698607e86e621204,
        type: 3}
      propertyPath: m_Layer
      value: 13
      objectReference: {fileID: 0}
    m_RemovedComponents: []
  m_SourcePrefab: {fileID: 100100000, guid: ab5eefa3687b7864698607e86e621204, type: 3}
--- !u!4 &92805344217308626 stripped
Transform:
  m_CorrespondingSourceObject: {fileID: 8616814157135957061, guid: ab5eefa3687b7864698607e86e621204,
    type: 3}
  m_PrefabInstance: {fileID: 8564904392144310679}
  m_PrefabAsset: {fileID: 0}
