%YAML 1.1
%TAG !u! tag:unity3d.com,2011:
--- !u!1 &5631620774594070347
GameObject:
  m_ObjectHideFlags: 0
  m_CorrespondingSourceObject: {fileID: 0}
  m_PrefabInstance: {fileID: 0}
  m_PrefabAsset: {fileID: 0}
  serializedVersion: 6
  m_Component:
  - component: {fileID: 4052585667815201789}
  m_Layer: 0
  m_Name: ScoreText
  m_TagString: Untagged
  m_Icon: {fileID: 0}
  m_NavMeshLayer: 0
  m_StaticEditorFlags: 0
  m_IsActive: 1
--- !u!4 &4052585667815201789
Transform:
  m_ObjectHideFlags: 0
  m_CorrespondingSourceObject: {fileID: 0}
  m_PrefabInstance: {fileID: 0}
  m_PrefabAsset: {fileID: 0}
  m_GameObject: {fileID: 5631620774594070347}
  m_LocalRotation: {x: 0, y: 0, z: 0, w: 1}
  m_LocalPosition: {x: 0, y: 0, z: 0}
  m_LocalScale: {x: 0.1, y: 0.1, z: 0.1}
  m_Children:
  - {fileID: 2261423177178057475}
  - {fileID: 9167577951977924885}
  - {fileID: 8684916966495355347}
  - {fileID: 4143338478411647048}
  - {fileID: 7597196213573534013}
  - {fileID: 2793270321889336461}
  - {fileID: 9216204298474260409}
  - {fileID: 4379287582684950572}
  - {fileID: 2272548243875116010}
  - {fileID: 766247464652232993}
  - {fileID: 7632773427871125057}
  - {fileID: 6109006055122293184}
  m_Father: {fileID: 3809557235753403363}
  m_RootOrder: 0
  m_LocalEulerAnglesHint: {x: 0, y: 0, z: 0}
--- !u!1 &6214568991236003498
GameObject:
  m_ObjectHideFlags: 0
  m_CorrespondingSourceObject: {fileID: 0}
  m_PrefabInstance: {fileID: 0}
  m_PrefabAsset: {fileID: 0}
  serializedVersion: 6
  m_Component:
  - component: {fileID: 3809557235753403363}
  - component: {fileID: 6439434756782190617}
  m_Layer: 0
  m_Name: Score0
  m_TagString: Untagged
  m_Icon: {fileID: 0}
  m_NavMeshLayer: 0
  m_StaticEditorFlags: 0
  m_IsActive: 1
--- !u!4 &3809557235753403363
Transform:
  m_ObjectHideFlags: 0
  m_CorrespondingSourceObject: {fileID: 0}
  m_PrefabInstance: {fileID: 0}
  m_PrefabAsset: {fileID: 0}
  m_GameObject: {fileID: 6214568991236003498}
  m_LocalRotation: {x: 0, y: 0, z: 0, w: 1}
  m_LocalPosition: {x: 0, y: 0, z: 0}
  m_LocalScale: {x: 1, y: 1, z: 1}
  m_Children:
  - {fileID: 4052585667815201789}
  m_Father: {fileID: 0}
  m_RootOrder: 0
  m_LocalEulerAnglesHint: {x: 0, y: 0, z: 0}
--- !u!95 &6439434756782190617
Animator:
  serializedVersion: 3
  m_ObjectHideFlags: 0
  m_CorrespondingSourceObject: {fileID: 0}
  m_PrefabInstance: {fileID: 0}
  m_PrefabAsset: {fileID: 0}
  m_GameObject: {fileID: 6214568991236003498}
  m_Enabled: 1
  m_Avatar: {fileID: 0}
  m_Controller: {fileID: 9100000, guid: f12611682939bdc4295e6c94aee8a8d3, type: 2}
  m_CullingMode: 0
  m_UpdateMode: 0
  m_ApplyRootMotion: 0
  m_LinearVelocityBlending: 0
  m_WarningMessage: 
  m_HasTransformHierarchy: 1
  m_AllowConstantClipSamplingOptimization: 1
  m_KeepAnimatorControllerStateOnDisable: 0
--- !u!1001 &943142222359195949
PrefabInstance:
  m_ObjectHideFlags: 0
  serializedVersion: 2
  m_Modification:
    m_TransformParent: {fileID: 4052585667815201789}
    m_Modifications:
    - target: {fileID: 6740386365141179517, guid: 849a0953a9107aa40b78156bdf6b0e47,
        type: 3}
      propertyPath: m_Name
      value: Dot12
      objectReference: {fileID: 0}
    - target: {fileID: 6472018432318644461, guid: 849a0953a9107aa40b78156bdf6b0e47,
        type: 3}
      propertyPath: m_LocalPosition.x
      value: -1
      objectReference: {fileID: 0}
    - target: {fileID: 6472018432318644461, guid: 849a0953a9107aa40b78156bdf6b0e47,
        type: 3}
      propertyPath: m_LocalPosition.y
      value: 0
      objectReference: {fileID: 0}
    - target: {fileID: 6472018432318644461, guid: 849a0953a9107aa40b78156bdf6b0e47,
        type: 3}
      propertyPath: m_LocalPosition.z
      value: -2
      objectReference: {fileID: 0}
    - target: {fileID: 6472018432318644461, guid: 849a0953a9107aa40b78156bdf6b0e47,
        type: 3}
      propertyPath: m_LocalRotation.x
      value: -0
      objectReference: {fileID: 0}
    - target: {fileID: 6472018432318644461, guid: 849a0953a9107aa40b78156bdf6b0e47,
        type: 3}
      propertyPath: m_LocalRotation.y
      value: -0
      objectReference: {fileID: 0}
    - target: {fileID: 6472018432318644461, guid: 849a0953a9107aa40b78156bdf6b0e47,
        type: 3}
      propertyPath: m_LocalRotation.z
      value: -0
      objectReference: {fileID: 0}
    - target: {fileID: 6472018432318644461, guid: 849a0953a9107aa40b78156bdf6b0e47,
        type: 3}
      propertyPath: m_LocalRotation.w
      value: 1
      objectReference: {fileID: 0}
    - target: {fileID: 6472018432318644461, guid: 849a0953a9107aa40b78156bdf6b0e47,
        type: 3}
      propertyPath: m_RootOrder
      value: 11
      objectReference: {fileID: 0}
    - target: {fileID: 6472018432318644461, guid: 849a0953a9107aa40b78156bdf6b0e47,
        type: 3}
      propertyPath: m_LocalEulerAnglesHint.x
      value: 0
      objectReference: {fileID: 0}
    - target: {fileID: 6472018432318644461, guid: 849a0953a9107aa40b78156bdf6b0e47,
        type: 3}
      propertyPath: m_LocalEulerAnglesHint.y
      value: 0
      objectReference: {fileID: 0}
    - target: {fileID: 6472018432318644461, guid: 849a0953a9107aa40b78156bdf6b0e47,
        type: 3}
      propertyPath: m_LocalEulerAnglesHint.z
      value: 0
      objectReference: {fileID: 0}
    m_RemovedComponents: []
  m_SourcePrefab: {fileID: 100100000, guid: 849a0953a9107aa40b78156bdf6b0e47, type: 3}
--- !u!4 &6109006055122293184 stripped
Transform:
  m_CorrespondingSourceObject: {fileID: 6472018432318644461, guid: 849a0953a9107aa40b78156bdf6b0e47,
    type: 3}
  m_PrefabInstance: {fileID: 943142222359195949}
  m_PrefabAsset: {fileID: 0}
--- !u!1001 &2402177331265937726
PrefabInstance:
  m_ObjectHideFlags: 0
  serializedVersion: 2
  m_Modification:
    m_TransformParent: {fileID: 4052585667815201789}
    m_Modifications:
    - target: {fileID: 6740386365141179517, guid: 849a0953a9107aa40b78156bdf6b0e47,
        type: 3}
      propertyPath: m_Name
      value: Dot03
      objectReference: {fileID: 0}
    - target: {fileID: 6472018432318644461, guid: 849a0953a9107aa40b78156bdf6b0e47,
        type: 3}
      propertyPath: m_LocalPosition.x
      value: 1
      objectReference: {fileID: 0}
    - target: {fileID: 6472018432318644461, guid: 849a0953a9107aa40b78156bdf6b0e47,
        type: 3}
      propertyPath: m_LocalPosition.y
      value: 0
      objectReference: {fileID: 0}
    - target: {fileID: 6472018432318644461, guid: 849a0953a9107aa40b78156bdf6b0e47,
        type: 3}
      propertyPath: m_LocalPosition.z
      value: 2
      objectReference: {fileID: 0}
    - target: {fileID: 6472018432318644461, guid: 849a0953a9107aa40b78156bdf6b0e47,
        type: 3}
      propertyPath: m_LocalRotation.x
      value: -0
      objectReference: {fileID: 0}
    - target: {fileID: 6472018432318644461, guid: 849a0953a9107aa40b78156bdf6b0e47,
        type: 3}
      propertyPath: m_LocalRotation.y
      value: -0
      objectReference: {fileID: 0}
    - target: {fileID: 6472018432318644461, guid: 849a0953a9107aa40b78156bdf6b0e47,
        type: 3}
      propertyPath: m_LocalRotation.z
      value: -0
      objectReference: {fileID: 0}
    - target: {fileID: 6472018432318644461, guid: 849a0953a9107aa40b78156bdf6b0e47,
        type: 3}
      propertyPath: m_LocalRotation.w
      value: 1
      objectReference: {fileID: 0}
    - target: {fileID: 6472018432318644461, guid: 849a0953a9107aa40b78156bdf6b0e47,
        type: 3}
      propertyPath: m_RootOrder
      value: 2
      objectReference: {fileID: 0}
    - target: {fileID: 6472018432318644461, guid: 849a0953a9107aa40b78156bdf6b0e47,
        type: 3}
      propertyPath: m_LocalEulerAnglesHint.x
      value: 0
      objectReference: {fileID: 0}
    - target: {fileID: 6472018432318644461, guid: 849a0953a9107aa40b78156bdf6b0e47,
        type: 3}
      propertyPath: m_LocalEulerAnglesHint.y
      value: 0
      objectReference: {fileID: 0}
    - target: {fileID: 6472018432318644461, guid: 849a0953a9107aa40b78156bdf6b0e47,
        type: 3}
      propertyPath: m_LocalEulerAnglesHint.z
      value: 0
      objectReference: {fileID: 0}
    m_RemovedComponents: []
  m_SourcePrefab: {fileID: 100100000, guid: 849a0953a9107aa40b78156bdf6b0e47, type: 3}
--- !u!4 &8684916966495355347 stripped
Transform:
  m_CorrespondingSourceObject: {fileID: 6472018432318644461, guid: 849a0953a9107aa40b78156bdf6b0e47,
    type: 3}
  m_PrefabInstance: {fileID: 2402177331265937726}
  m_PrefabAsset: {fileID: 0}
--- !u!1001 &2753865975250986836
PrefabInstance:
  m_ObjectHideFlags: 0
  serializedVersion: 2
  m_Modification:
    m_TransformParent: {fileID: 4052585667815201789}
    m_Modifications:
    - target: {fileID: 6740386365141179517, guid: 849a0953a9107aa40b78156bdf6b0e47,
        type: 3}
      propertyPath: m_Name
      value: Dot07
      objectReference: {fileID: 0}
    - target: {fileID: 6472018432318644461, guid: 849a0953a9107aa40b78156bdf6b0e47,
        type: 3}
      propertyPath: m_LocalPosition.x
      value: 0
      objectReference: {fileID: 0}
    - target: {fileID: 6472018432318644461, guid: 849a0953a9107aa40b78156bdf6b0e47,
        type: 3}
      propertyPath: m_LocalPosition.y
      value: 0
      objectReference: {fileID: 0}
    - target: {fileID: 6472018432318644461, guid: 849a0953a9107aa40b78156bdf6b0e47,
        type: 3}
      propertyPath: m_LocalPosition.z
      value: -2
      objectReference: {fileID: 0}
    - target: {fileID: 6472018432318644461, guid: 849a0953a9107aa40b78156bdf6b0e47,
        type: 3}
      propertyPath: m_LocalRotation.x
      value: -0
      objectReference: {fileID: 0}
    - target: {fileID: 6472018432318644461, guid: 849a0953a9107aa40b78156bdf6b0e47,
        type: 3}
      propertyPath: m_LocalRotation.y
      value: -0
      objectReference: {fileID: 0}
    - target: {fileID: 6472018432318644461, guid: 849a0953a9107aa40b78156bdf6b0e47,
        type: 3}
      propertyPath: m_LocalRotation.z
      value: -0
      objectReference: {fileID: 0}
    - target: {fileID: 6472018432318644461, guid: 849a0953a9107aa40b78156bdf6b0e47,
        type: 3}
      propertyPath: m_LocalRotation.w
      value: 1
      objectReference: {fileID: 0}
    - target: {fileID: 6472018432318644461, guid: 849a0953a9107aa40b78156bdf6b0e47,
        type: 3}
      propertyPath: m_RootOrder
      value: 6
      objectReference: {fileID: 0}
    - target: {fileID: 6472018432318644461, guid: 849a0953a9107aa40b78156bdf6b0e47,
        type: 3}
      propertyPath: m_LocalEulerAnglesHint.x
      value: 0
      objectReference: {fileID: 0}
    - target: {fileID: 6472018432318644461, guid: 849a0953a9107aa40b78156bdf6b0e47,
        type: 3}
      propertyPath: m_LocalEulerAnglesHint.y
      value: 0
      objectReference: {fileID: 0}
    - target: {fileID: 6472018432318644461, guid: 849a0953a9107aa40b78156bdf6b0e47,
        type: 3}
      propertyPath: m_LocalEulerAnglesHint.z
      value: 0
      objectReference: {fileID: 0}
    m_RemovedComponents: []
  m_SourcePrefab: {fileID: 100100000, guid: 849a0953a9107aa40b78156bdf6b0e47, type: 3}
--- !u!4 &9216204298474260409 stripped
Transform:
  m_CorrespondingSourceObject: {fileID: 6472018432318644461, guid: 849a0953a9107aa40b78156bdf6b0e47,
    type: 3}
  m_PrefabInstance: {fileID: 2753865975250986836}
  m_PrefabAsset: {fileID: 0}
--- !u!1001 &2803769949913008632
PrefabInstance:
  m_ObjectHideFlags: 0
  serializedVersion: 2
  m_Modification:
    m_TransformParent: {fileID: 4052585667815201789}
    m_Modifications:
    - target: {fileID: 6740386365141179517, guid: 849a0953a9107aa40b78156bdf6b0e47,
        type: 3}
      propertyPath: m_Name
      value: Dot02
      objectReference: {fileID: 0}
    - target: {fileID: 6472018432318644461, guid: 849a0953a9107aa40b78156bdf6b0e47,
        type: 3}
      propertyPath: m_LocalPosition.x
      value: 1
      objectReference: {fileID: 0}
    - target: {fileID: 6472018432318644461, guid: 849a0953a9107aa40b78156bdf6b0e47,
        type: 3}
      propertyPath: m_LocalPosition.y
      value: 0
      objectReference: {fileID: 0}
    - target: {fileID: 6472018432318644461, guid: 849a0953a9107aa40b78156bdf6b0e47,
        type: 3}
      propertyPath: m_LocalPosition.z
      value: 1
      objectReference: {fileID: 0}
    - target: {fileID: 6472018432318644461, guid: 849a0953a9107aa40b78156bdf6b0e47,
        type: 3}
      propertyPath: m_LocalRotation.x
      value: -0
      objectReference: {fileID: 0}
    - target: {fileID: 6472018432318644461, guid: 849a0953a9107aa40b78156bdf6b0e47,
        type: 3}
      propertyPath: m_LocalRotation.y
      value: -0
      objectReference: {fileID: 0}
    - target: {fileID: 6472018432318644461, guid: 849a0953a9107aa40b78156bdf6b0e47,
        type: 3}
      propertyPath: m_LocalRotation.z
      value: -0
      objectReference: {fileID: 0}
    - target: {fileID: 6472018432318644461, guid: 849a0953a9107aa40b78156bdf6b0e47,
        type: 3}
      propertyPath: m_LocalRotation.w
      value: 1
      objectReference: {fileID: 0}
    - target: {fileID: 6472018432318644461, guid: 849a0953a9107aa40b78156bdf6b0e47,
        type: 3}
      propertyPath: m_RootOrder
      value: 1
      objectReference: {fileID: 0}
    - target: {fileID: 6472018432318644461, guid: 849a0953a9107aa40b78156bdf6b0e47,
        type: 3}
      propertyPath: m_LocalEulerAnglesHint.x
      value: 0
      objectReference: {fileID: 0}
    - target: {fileID: 6472018432318644461, guid: 849a0953a9107aa40b78156bdf6b0e47,
        type: 3}
      propertyPath: m_LocalEulerAnglesHint.y
      value: 0
      objectReference: {fileID: 0}
    - target: {fileID: 6472018432318644461, guid: 849a0953a9107aa40b78156bdf6b0e47,
        type: 3}
      propertyPath: m_LocalEulerAnglesHint.z
      value: 0
      objectReference: {fileID: 0}
    m_RemovedComponents: []
  m_SourcePrefab: {fileID: 100100000, guid: 849a0953a9107aa40b78156bdf6b0e47, type: 3}
--- !u!4 &9167577951977924885 stripped
Transform:
  m_CorrespondingSourceObject: {fileID: 6472018432318644461, guid: 849a0953a9107aa40b78156bdf6b0e47,
    type: 3}
  m_PrefabInstance: {fileID: 2803769949913008632}
  m_PrefabAsset: {fileID: 0}
--- !u!1001 &3475710768013291180
PrefabInstance:
  m_ObjectHideFlags: 0
  serializedVersion: 2
  m_Modification:
    m_TransformParent: {fileID: 4052585667815201789}
    m_Modifications:
    - target: {fileID: 6740386365141179517, guid: 849a0953a9107aa40b78156bdf6b0e47,
        type: 3}
      propertyPath: m_Name
      value: Dot11
      objectReference: {fileID: 0}
    - target: {fileID: 6472018432318644461, guid: 849a0953a9107aa40b78156bdf6b0e47,
        type: 3}
      propertyPath: m_LocalPosition.x
      value: -1
      objectReference: {fileID: 0}
    - target: {fileID: 6472018432318644461, guid: 849a0953a9107aa40b78156bdf6b0e47,
        type: 3}
      propertyPath: m_LocalPosition.y
      value: 0
      objectReference: {fileID: 0}
    - target: {fileID: 6472018432318644461, guid: 849a0953a9107aa40b78156bdf6b0e47,
        type: 3}
      propertyPath: m_LocalPosition.z
      value: -1
      objectReference: {fileID: 0}
    - target: {fileID: 6472018432318644461, guid: 849a0953a9107aa40b78156bdf6b0e47,
        type: 3}
      propertyPath: m_LocalRotation.x
      value: -0
      objectReference: {fileID: 0}
    - target: {fileID: 6472018432318644461, guid: 849a0953a9107aa40b78156bdf6b0e47,
        type: 3}
      propertyPath: m_LocalRotation.y
      value: -0
      objectReference: {fileID: 0}
    - target: {fileID: 6472018432318644461, guid: 849a0953a9107aa40b78156bdf6b0e47,
        type: 3}
      propertyPath: m_LocalRotation.z
      value: -0
      objectReference: {fileID: 0}
    - target: {fileID: 6472018432318644461, guid: 849a0953a9107aa40b78156bdf6b0e47,
        type: 3}
      propertyPath: m_LocalRotation.w
      value: 1
      objectReference: {fileID: 0}
    - target: {fileID: 6472018432318644461, guid: 849a0953a9107aa40b78156bdf6b0e47,
        type: 3}
      propertyPath: m_RootOrder
      value: 10
      objectReference: {fileID: 0}
    - target: {fileID: 6472018432318644461, guid: 849a0953a9107aa40b78156bdf6b0e47,
        type: 3}
      propertyPath: m_LocalEulerAnglesHint.x
      value: 0
      objectReference: {fileID: 0}
    - target: {fileID: 6472018432318644461, guid: 849a0953a9107aa40b78156bdf6b0e47,
        type: 3}
      propertyPath: m_LocalEulerAnglesHint.y
      value: 0
      objectReference: {fileID: 0}
    - target: {fileID: 6472018432318644461, guid: 849a0953a9107aa40b78156bdf6b0e47,
        type: 3}
      propertyPath: m_LocalEulerAnglesHint.z
      value: 0
      objectReference: {fileID: 0}
    m_RemovedComponents: []
  m_SourcePrefab: {fileID: 100100000, guid: 849a0953a9107aa40b78156bdf6b0e47, type: 3}
--- !u!4 &7632773427871125057 stripped
Transform:
  m_CorrespondingSourceObject: {fileID: 6472018432318644461, guid: 849a0953a9107aa40b78156bdf6b0e47,
    type: 3}
  m_PrefabInstance: {fileID: 3475710768013291180}
  m_PrefabAsset: {fileID: 0}
--- !u!1001 &3512688743198515664
PrefabInstance:
  m_ObjectHideFlags: 0
  serializedVersion: 2
  m_Modification:
    m_TransformParent: {fileID: 4052585667815201789}
    m_Modifications:
    - target: {fileID: 6740386365141179517, guid: 849a0953a9107aa40b78156bdf6b0e47,
        type: 3}
      propertyPath: m_Name
      value: Dot05
      objectReference: {fileID: 0}
    - target: {fileID: 6472018432318644461, guid: 849a0953a9107aa40b78156bdf6b0e47,
        type: 3}
      propertyPath: m_LocalPosition.x
      value: 1
      objectReference: {fileID: 0}
    - target: {fileID: 6472018432318644461, guid: 849a0953a9107aa40b78156bdf6b0e47,
        type: 3}
      propertyPath: m_LocalPosition.y
      value: 0
      objectReference: {fileID: 0}
    - target: {fileID: 6472018432318644461, guid: 849a0953a9107aa40b78156bdf6b0e47,
        type: 3}
      propertyPath: m_LocalPosition.z
      value: -2
      objectReference: {fileID: 0}
    - target: {fileID: 6472018432318644461, guid: 849a0953a9107aa40b78156bdf6b0e47,
        type: 3}
      propertyPath: m_LocalRotation.x
      value: -0
      objectReference: {fileID: 0}
    - target: {fileID: 6472018432318644461, guid: 849a0953a9107aa40b78156bdf6b0e47,
        type: 3}
      propertyPath: m_LocalRotation.y
      value: -0
      objectReference: {fileID: 0}
    - target: {fileID: 6472018432318644461, guid: 849a0953a9107aa40b78156bdf6b0e47,
        type: 3}
      propertyPath: m_LocalRotation.z
      value: -0
      objectReference: {fileID: 0}
    - target: {fileID: 6472018432318644461, guid: 849a0953a9107aa40b78156bdf6b0e47,
        type: 3}
      propertyPath: m_LocalRotation.w
      value: 1
      objectReference: {fileID: 0}
    - target: {fileID: 6472018432318644461, guid: 849a0953a9107aa40b78156bdf6b0e47,
        type: 3}
      propertyPath: m_RootOrder
      value: 4
      objectReference: {fileID: 0}
    - target: {fileID: 6472018432318644461, guid: 849a0953a9107aa40b78156bdf6b0e47,
        type: 3}
      propertyPath: m_LocalEulerAnglesHint.x
      value: 0
      objectReference: {fileID: 0}
    - target: {fileID: 6472018432318644461, guid: 849a0953a9107aa40b78156bdf6b0e47,
        type: 3}
      propertyPath: m_LocalEulerAnglesHint.y
      value: 0
      objectReference: {fileID: 0}
    - target: {fileID: 6472018432318644461, guid: 849a0953a9107aa40b78156bdf6b0e47,
        type: 3}
      propertyPath: m_LocalEulerAnglesHint.z
      value: 0
      objectReference: {fileID: 0}
    m_RemovedComponents: []
  m_SourcePrefab: {fileID: 100100000, guid: 849a0953a9107aa40b78156bdf6b0e47, type: 3}
--- !u!4 &7597196213573534013 stripped
Transform:
  m_CorrespondingSourceObject: {fileID: 6472018432318644461, guid: 849a0953a9107aa40b78156bdf6b0e47,
    type: 3}
  m_PrefabInstance: {fileID: 3512688743198515664}
  m_PrefabAsset: {fileID: 0}
--- !u!1001 &5068956338952803079
PrefabInstance:
  m_ObjectHideFlags: 0
  serializedVersion: 2
  m_Modification:
    m_TransformParent: {fileID: 4052585667815201789}
    m_Modifications:
    - target: {fileID: 6740386365141179517, guid: 849a0953a9107aa40b78156bdf6b0e47,
        type: 3}
      propertyPath: m_Name
      value: Dot09
      objectReference: {fileID: 0}
    - target: {fileID: 6472018432318644461, guid: 849a0953a9107aa40b78156bdf6b0e47,
        type: 3}
      propertyPath: m_LocalPosition.x
      value: -1
      objectReference: {fileID: 0}
    - target: {fileID: 6472018432318644461, guid: 849a0953a9107aa40b78156bdf6b0e47,
        type: 3}
      propertyPath: m_LocalPosition.y
      value: 0
      objectReference: {fileID: 0}
    - target: {fileID: 6472018432318644461, guid: 849a0953a9107aa40b78156bdf6b0e47,
        type: 3}
      propertyPath: m_LocalPosition.z
      value: 1
      objectReference: {fileID: 0}
    - target: {fileID: 6472018432318644461, guid: 849a0953a9107aa40b78156bdf6b0e47,
        type: 3}
      propertyPath: m_LocalRotation.x
      value: -0
      objectReference: {fileID: 0}
    - target: {fileID: 6472018432318644461, guid: 849a0953a9107aa40b78156bdf6b0e47,
        type: 3}
      propertyPath: m_LocalRotation.y
      value: -0
      objectReference: {fileID: 0}
    - target: {fileID: 6472018432318644461, guid: 849a0953a9107aa40b78156bdf6b0e47,
        type: 3}
      propertyPath: m_LocalRotation.z
      value: -0
      objectReference: {fileID: 0}
    - target: {fileID: 6472018432318644461, guid: 849a0953a9107aa40b78156bdf6b0e47,
        type: 3}
      propertyPath: m_LocalRotation.w
      value: 1
      objectReference: {fileID: 0}
    - target: {fileID: 6472018432318644461, guid: 849a0953a9107aa40b78156bdf6b0e47,
        type: 3}
      propertyPath: m_RootOrder
      value: 8
      objectReference: {fileID: 0}
    - target: {fileID: 6472018432318644461, guid: 849a0953a9107aa40b78156bdf6b0e47,
        type: 3}
      propertyPath: m_LocalEulerAnglesHint.x
      value: 0
      objectReference: {fileID: 0}
    - target: {fileID: 6472018432318644461, guid: 849a0953a9107aa40b78156bdf6b0e47,
        type: 3}
      propertyPath: m_LocalEulerAnglesHint.y
      value: 0
      objectReference: {fileID: 0}
    - target: {fileID: 6472018432318644461, guid: 849a0953a9107aa40b78156bdf6b0e47,
        type: 3}
      propertyPath: m_LocalEulerAnglesHint.z
      value: 0
      objectReference: {fileID: 0}
    m_RemovedComponents: []
  m_SourcePrefab: {fileID: 100100000, guid: 849a0953a9107aa40b78156bdf6b0e47, type: 3}
--- !u!4 &2272548243875116010 stripped
Transform:
  m_CorrespondingSourceObject: {fileID: 6472018432318644461, guid: 849a0953a9107aa40b78156bdf6b0e47,
    type: 3}
  m_PrefabInstance: {fileID: 5068956338952803079}
  m_PrefabAsset: {fileID: 0}
--- !u!1001 &5094426722026826734
PrefabInstance:
  m_ObjectHideFlags: 0
  serializedVersion: 2
  m_Modification:
    m_TransformParent: {fileID: 4052585667815201789}
    m_Modifications:
    - target: {fileID: 6740386365141179517, guid: 849a0953a9107aa40b78156bdf6b0e47,
        type: 3}
      propertyPath: m_Name
      value: Dot01
      objectReference: {fileID: 0}
    - target: {fileID: 6472018432318644461, guid: 849a0953a9107aa40b78156bdf6b0e47,
        type: 3}
      propertyPath: m_LocalPosition.x
      value: 1
      objectReference: {fileID: 0}
    - target: {fileID: 6472018432318644461, guid: 849a0953a9107aa40b78156bdf6b0e47,
        type: 3}
      propertyPath: m_LocalPosition.y
      value: 0
      objectReference: {fileID: 0}
    - target: {fileID: 6472018432318644461, guid: 849a0953a9107aa40b78156bdf6b0e47,
        type: 3}
      propertyPath: m_LocalPosition.z
      value: 0
      objectReference: {fileID: 0}
    - target: {fileID: 6472018432318644461, guid: 849a0953a9107aa40b78156bdf6b0e47,
        type: 3}
      propertyPath: m_LocalRotation.x
      value: -0
      objectReference: {fileID: 0}
    - target: {fileID: 6472018432318644461, guid: 849a0953a9107aa40b78156bdf6b0e47,
        type: 3}
      propertyPath: m_LocalRotation.y
      value: -0
      objectReference: {fileID: 0}
    - target: {fileID: 6472018432318644461, guid: 849a0953a9107aa40b78156bdf6b0e47,
        type: 3}
      propertyPath: m_LocalRotation.z
      value: -0
      objectReference: {fileID: 0}
    - target: {fileID: 6472018432318644461, guid: 849a0953a9107aa40b78156bdf6b0e47,
        type: 3}
      propertyPath: m_LocalRotation.w
      value: 1
      objectReference: {fileID: 0}
    - target: {fileID: 6472018432318644461, guid: 849a0953a9107aa40b78156bdf6b0e47,
        type: 3}
      propertyPath: m_RootOrder
      value: 0
      objectReference: {fileID: 0}
    - target: {fileID: 6472018432318644461, guid: 849a0953a9107aa40b78156bdf6b0e47,
        type: 3}
      propertyPath: m_LocalEulerAnglesHint.x
      value: 0
      objectReference: {fileID: 0}
    - target: {fileID: 6472018432318644461, guid: 849a0953a9107aa40b78156bdf6b0e47,
        type: 3}
      propertyPath: m_LocalEulerAnglesHint.y
      value: 0
      objectReference: {fileID: 0}
    - target: {fileID: 6472018432318644461, guid: 849a0953a9107aa40b78156bdf6b0e47,
        type: 3}
      propertyPath: m_LocalEulerAnglesHint.z
      value: 0
      objectReference: {fileID: 0}
    m_RemovedComponents: []
  m_SourcePrefab: {fileID: 100100000, guid: 849a0953a9107aa40b78156bdf6b0e47, type: 3}
--- !u!4 &2261423177178057475 stripped
Transform:
  m_CorrespondingSourceObject: {fileID: 6472018432318644461, guid: 849a0953a9107aa40b78156bdf6b0e47,
    type: 3}
  m_PrefabInstance: {fileID: 5094426722026826734}
  m_PrefabAsset: {fileID: 0}
--- !u!1001 &6013282397993433548
PrefabInstance:
  m_ObjectHideFlags: 0
  serializedVersion: 2
  m_Modification:
    m_TransformParent: {fileID: 4052585667815201789}
    m_Modifications:
    - target: {fileID: 6740386365141179517, guid: 849a0953a9107aa40b78156bdf6b0e47,
        type: 3}
      propertyPath: m_Name
      value: Dot10
      objectReference: {fileID: 0}
    - target: {fileID: 6472018432318644461, guid: 849a0953a9107aa40b78156bdf6b0e47,
        type: 3}
      propertyPath: m_LocalPosition.x
      value: -1
      objectReference: {fileID: 0}
    - target: {fileID: 6472018432318644461, guid: 849a0953a9107aa40b78156bdf6b0e47,
        type: 3}
      propertyPath: m_LocalPosition.y
      value: 0
      objectReference: {fileID: 0}
    - target: {fileID: 6472018432318644461, guid: 849a0953a9107aa40b78156bdf6b0e47,
        type: 3}
      propertyPath: m_LocalPosition.z
      value: 2
      objectReference: {fileID: 0}
    - target: {fileID: 6472018432318644461, guid: 849a0953a9107aa40b78156bdf6b0e47,
        type: 3}
      propertyPath: m_LocalRotation.x
      value: -0
      objectReference: {fileID: 0}
    - target: {fileID: 6472018432318644461, guid: 849a0953a9107aa40b78156bdf6b0e47,
        type: 3}
      propertyPath: m_LocalRotation.y
      value: -0
      objectReference: {fileID: 0}
    - target: {fileID: 6472018432318644461, guid: 849a0953a9107aa40b78156bdf6b0e47,
        type: 3}
      propertyPath: m_LocalRotation.z
      value: -0
      objectReference: {fileID: 0}
    - target: {fileID: 6472018432318644461, guid: 849a0953a9107aa40b78156bdf6b0e47,
        type: 3}
      propertyPath: m_LocalRotation.w
      value: 1
      objectReference: {fileID: 0}
    - target: {fileID: 6472018432318644461, guid: 849a0953a9107aa40b78156bdf6b0e47,
        type: 3}
      propertyPath: m_RootOrder
      value: 9
      objectReference: {fileID: 0}
    - target: {fileID: 6472018432318644461, guid: 849a0953a9107aa40b78156bdf6b0e47,
        type: 3}
      propertyPath: m_LocalEulerAnglesHint.x
      value: 0
      objectReference: {fileID: 0}
    - target: {fileID: 6472018432318644461, guid: 849a0953a9107aa40b78156bdf6b0e47,
        type: 3}
      propertyPath: m_LocalEulerAnglesHint.y
      value: 0
      objectReference: {fileID: 0}
    - target: {fileID: 6472018432318644461, guid: 849a0953a9107aa40b78156bdf6b0e47,
        type: 3}
      propertyPath: m_LocalEulerAnglesHint.z
      value: 0
      objectReference: {fileID: 0}
    m_RemovedComponents: []
  m_SourcePrefab: {fileID: 100100000, guid: 849a0953a9107aa40b78156bdf6b0e47, type: 3}
--- !u!4 &766247464652232993 stripped
Transform:
  m_CorrespondingSourceObject: {fileID: 6472018432318644461, guid: 849a0953a9107aa40b78156bdf6b0e47,
    type: 3}
  m_PrefabInstance: {fileID: 6013282397993433548}
  m_PrefabAsset: {fileID: 0}
--- !u!1001 &6940366011317954725
PrefabInstance:
  m_ObjectHideFlags: 0
  serializedVersion: 2
  m_Modification:
    m_TransformParent: {fileID: 4052585667815201789}
    m_Modifications:
    - target: {fileID: 6740386365141179517, guid: 849a0953a9107aa40b78156bdf6b0e47,
        type: 3}
      propertyPath: m_Name
      value: Dot04
      objectReference: {fileID: 0}
    - target: {fileID: 6472018432318644461, guid: 849a0953a9107aa40b78156bdf6b0e47,
        type: 3}
      propertyPath: m_LocalPosition.x
      value: 1
      objectReference: {fileID: 0}
    - target: {fileID: 6472018432318644461, guid: 849a0953a9107aa40b78156bdf6b0e47,
        type: 3}
      propertyPath: m_LocalPosition.y
      value: 0
      objectReference: {fileID: 0}
    - target: {fileID: 6472018432318644461, guid: 849a0953a9107aa40b78156bdf6b0e47,
        type: 3}
      propertyPath: m_LocalPosition.z
      value: -1
      objectReference: {fileID: 0}
    - target: {fileID: 6472018432318644461, guid: 849a0953a9107aa40b78156bdf6b0e47,
        type: 3}
      propertyPath: m_LocalRotation.x
      value: -0
      objectReference: {fileID: 0}
    - target: {fileID: 6472018432318644461, guid: 849a0953a9107aa40b78156bdf6b0e47,
        type: 3}
      propertyPath: m_LocalRotation.y
      value: -0
      objectReference: {fileID: 0}
    - target: {fileID: 6472018432318644461, guid: 849a0953a9107aa40b78156bdf6b0e47,
        type: 3}
      propertyPath: m_LocalRotation.z
      value: -0
      objectReference: {fileID: 0}
    - target: {fileID: 6472018432318644461, guid: 849a0953a9107aa40b78156bdf6b0e47,
        type: 3}
      propertyPath: m_LocalRotation.w
      value: 1
      objectReference: {fileID: 0}
    - target: {fileID: 6472018432318644461, guid: 849a0953a9107aa40b78156bdf6b0e47,
        type: 3}
      propertyPath: m_RootOrder
      value: 3
      objectReference: {fileID: 0}
    - target: {fileID: 6472018432318644461, guid: 849a0953a9107aa40b78156bdf6b0e47,
        type: 3}
      propertyPath: m_LocalEulerAnglesHint.x
      value: 0
      objectReference: {fileID: 0}
    - target: {fileID: 6472018432318644461, guid: 849a0953a9107aa40b78156bdf6b0e47,
        type: 3}
      propertyPath: m_LocalEulerAnglesHint.y
      value: 0
      objectReference: {fileID: 0}
    - target: {fileID: 6472018432318644461, guid: 849a0953a9107aa40b78156bdf6b0e47,
        type: 3}
      propertyPath: m_LocalEulerAnglesHint.z
      value: 0
      objectReference: {fileID: 0}
    m_RemovedComponents: []
  m_SourcePrefab: {fileID: 100100000, guid: 849a0953a9107aa40b78156bdf6b0e47, type: 3}
--- !u!4 &4143338478411647048 stripped
Transform:
  m_CorrespondingSourceObject: {fileID: 6472018432318644461, guid: 849a0953a9107aa40b78156bdf6b0e47,
    type: 3}
  m_PrefabInstance: {fileID: 6940366011317954725}
  m_PrefabAsset: {fileID: 0}
--- !u!1001 &7284397178864603329
PrefabInstance:
  m_ObjectHideFlags: 0
  serializedVersion: 2
  m_Modification:
    m_TransformParent: {fileID: 4052585667815201789}
    m_Modifications:
    - target: {fileID: 6740386365141179517, guid: 849a0953a9107aa40b78156bdf6b0e47,
        type: 3}
      propertyPath: m_Name
      value: Dot08
      objectReference: {fileID: 0}
    - target: {fileID: 6472018432318644461, guid: 849a0953a9107aa40b78156bdf6b0e47,
        type: 3}
      propertyPath: m_LocalPosition.x
      value: -1
      objectReference: {fileID: 0}
    - target: {fileID: 6472018432318644461, guid: 849a0953a9107aa40b78156bdf6b0e47,
        type: 3}
      propertyPath: m_LocalPosition.y
      value: 0
      objectReference: {fileID: 0}
    - target: {fileID: 6472018432318644461, guid: 849a0953a9107aa40b78156bdf6b0e47,
        type: 3}
      propertyPath: m_LocalPosition.z
      value: 0
      objectReference: {fileID: 0}
    - target: {fileID: 6472018432318644461, guid: 849a0953a9107aa40b78156bdf6b0e47,
        type: 3}
      propertyPath: m_LocalRotation.x
      value: -0
      objectReference: {fileID: 0}
    - target: {fileID: 6472018432318644461, guid: 849a0953a9107aa40b78156bdf6b0e47,
        type: 3}
      propertyPath: m_LocalRotation.y
      value: -0
      objectReference: {fileID: 0}
    - target: {fileID: 6472018432318644461, guid: 849a0953a9107aa40b78156bdf6b0e47,
        type: 3}
      propertyPath: m_LocalRotation.z
      value: -0
      objectReference: {fileID: 0}
    - target: {fileID: 6472018432318644461, guid: 849a0953a9107aa40b78156bdf6b0e47,
        type: 3}
      propertyPath: m_LocalRotation.w
      value: 1
      objectReference: {fileID: 0}
    - target: {fileID: 6472018432318644461, guid: 849a0953a9107aa40b78156bdf6b0e47,
        type: 3}
      propertyPath: m_RootOrder
      value: 7
      objectReference: {fileID: 0}
    - target: {fileID: 6472018432318644461, guid: 849a0953a9107aa40b78156bdf6b0e47,
        type: 3}
      propertyPath: m_LocalEulerAnglesHint.x
      value: 0
      objectReference: {fileID: 0}
    - target: {fileID: 6472018432318644461, guid: 849a0953a9107aa40b78156bdf6b0e47,
        type: 3}
      propertyPath: m_LocalEulerAnglesHint.y
      value: 0
      objectReference: {fileID: 0}
    - target: {fileID: 6472018432318644461, guid: 849a0953a9107aa40b78156bdf6b0e47,
        type: 3}
      propertyPath: m_LocalEulerAnglesHint.z
      value: 0
      objectReference: {fileID: 0}
    m_RemovedComponents: []
  m_SourcePrefab: {fileID: 100100000, guid: 849a0953a9107aa40b78156bdf6b0e47, type: 3}
--- !u!4 &4379287582684950572 stripped
Transform:
  m_CorrespondingSourceObject: {fileID: 6472018432318644461, guid: 849a0953a9107aa40b78156bdf6b0e47,
    type: 3}
  m_PrefabInstance: {fileID: 7284397178864603329}
  m_PrefabAsset: {fileID: 0}
--- !u!1001 &9156533788677307488
PrefabInstance:
  m_ObjectHideFlags: 0
  serializedVersion: 2
  m_Modification:
    m_TransformParent: {fileID: 4052585667815201789}
    m_Modifications:
    - target: {fileID: 6740386365141179517, guid: 849a0953a9107aa40b78156bdf6b0e47,
        type: 3}
      propertyPath: m_Name
      value: Dot06
      objectReference: {fileID: 0}
    - target: {fileID: 6472018432318644461, guid: 849a0953a9107aa40b78156bdf6b0e47,
        type: 3}
      propertyPath: m_LocalPosition.x
      value: 0
      objectReference: {fileID: 0}
    - target: {fileID: 6472018432318644461, guid: 849a0953a9107aa40b78156bdf6b0e47,
        type: 3}
      propertyPath: m_LocalPosition.y
      value: 0
      objectReference: {fileID: 0}
    - target: {fileID: 6472018432318644461, guid: 849a0953a9107aa40b78156bdf6b0e47,
        type: 3}
      propertyPath: m_LocalPosition.z
      value: 2
      objectReference: {fileID: 0}
    - target: {fileID: 6472018432318644461, guid: 849a0953a9107aa40b78156bdf6b0e47,
        type: 3}
      propertyPath: m_LocalRotation.x
      value: -0
      objectReference: {fileID: 0}
    - target: {fileID: 6472018432318644461, guid: 849a0953a9107aa40b78156bdf6b0e47,
        type: 3}
      propertyPath: m_LocalRotation.y
      value: -0
      objectReference: {fileID: 0}
    - target: {fileID: 6472018432318644461, guid: 849a0953a9107aa40b78156bdf6b0e47,
        type: 3}
      propertyPath: m_LocalRotation.z
      value: -0
      objectReference: {fileID: 0}
    - target: {fileID: 6472018432318644461, guid: 849a0953a9107aa40b78156bdf6b0e47,
        type: 3}
      propertyPath: m_LocalRotation.w
      value: 1
      objectReference: {fileID: 0}
    - target: {fileID: 6472018432318644461, guid: 849a0953a9107aa40b78156bdf6b0e47,
        type: 3}
      propertyPath: m_RootOrder
      value: 5
      objectReference: {fileID: 0}
    - target: {fileID: 6472018432318644461, guid: 849a0953a9107aa40b78156bdf6b0e47,
        type: 3}
      propertyPath: m_LocalEulerAnglesHint.x
      value: 0
      objectReference: {fileID: 0}
    - target: {fileID: 6472018432318644461, guid: 849a0953a9107aa40b78156bdf6b0e47,
        type: 3}
      propertyPath: m_LocalEulerAnglesHint.y
      value: 0
      objectReference: {fileID: 0}
    - target: {fileID: 6472018432318644461, guid: 849a0953a9107aa40b78156bdf6b0e47,
        type: 3}
      propertyPath: m_LocalEulerAnglesHint.z
      value: 0
      objectReference: {fileID: 0}
    m_RemovedComponents: []
  m_SourcePrefab: {fileID: 100100000, guid: 849a0953a9107aa40b78156bdf6b0e47, type: 3}
--- !u!4 &2793270321889336461 stripped
Transform:
  m_CorrespondingSourceObject: {fileID: 6472018432318644461, guid: 849a0953a9107aa40b78156bdf6b0e47,
    type: 3}
  m_PrefabInstance: {fileID: 9156533788677307488}
  m_PrefabAsset: {fileID: 0}
