%YAML 1.1
%TAG !u! tag:unity3d.com,2011:
--- !u!1 &4310089853678834278
GameObject:
  m_ObjectHideFlags: 0
  m_CorrespondingSourceObject: {fileID: 0}
  m_PrefabInstance: {fileID: 0}
  m_PrefabAsset: {fileID: 0}
  serializedVersion: 6
  m_Component:
  - component: {fileID: 7627909110730775718}
  m_Layer: 0
  m_Name: Score_L_HIGHSCORE
  m_TagString: Untagged
  m_Icon: {fileID: 0}
  m_NavMeshLayer: 0
  m_StaticEditorFlags: 0
  m_IsActive: 1
--- !u!4 &7627909110730775718
Transform:
  m_ObjectHideFlags: 0
  m_CorrespondingSourceObject: {fileID: 0}
  m_PrefabInstance: {fileID: 0}
  m_PrefabAsset: {fileID: 0}
  m_GameObject: {fileID: 4310089853678834278}
  m_LocalRotation: {x: -0, y: -0, z: -0, w: 1}
  m_LocalPosition: {x: 0, y: 0, z: 0}
  m_LocalScale: {x: 1, y: 1, z: 1}
  m_Children:
  - {fileID: 563236335629972976}
  - {fileID: 3993654043476167940}
  - {fileID: 4085193861729125920}
  - {fileID: 6721515539007422235}
  - {fileID: 3147226253120548452}
  - {fileID: 1801829115450286952}
  - {fileID: 4514948412858006760}
  - {fileID: 2615364328945863879}
  - {fileID: 7921856523869137941}
  m_Father: {fileID: 0}
  m_RootOrder: 0
  m_LocalEulerAnglesHint: {x: 0, y: 0, z: 0}
--- !u!1001 &266287621333503719
PrefabInstance:
  m_ObjectHideFlags: 0
  serializedVersion: 2
  m_Modification:
    m_TransformParent: {fileID: 7627909110730775718}
    m_Modifications:
    - target: {fileID: 6214568991236003498, guid: 7abed39f2fbc15f4fa9ce031c6daded9,
        type: 3}
      propertyPath: m_Name
      value: ScoreText_L_I
      objectReference: {fileID: 0}
    - target: {fileID: 3809557235753403363, guid: 7abed39f2fbc15f4fa9ce031c6daded9,
        type: 3}
      propertyPath: m_LocalPosition.x
      value: -3.5
      objectReference: {fileID: 0}
    - target: {fileID: 3809557235753403363, guid: 7abed39f2fbc15f4fa9ce031c6daded9,
        type: 3}
      propertyPath: m_LocalPosition.y
      value: 0
      objectReference: {fileID: 0}
    - target: {fileID: 3809557235753403363, guid: 7abed39f2fbc15f4fa9ce031c6daded9,
        type: 3}
      propertyPath: m_LocalPosition.z
      value: 0
      objectReference: {fileID: 0}
    - target: {fileID: 3809557235753403363, guid: 7abed39f2fbc15f4fa9ce031c6daded9,
        type: 3}
      propertyPath: m_LocalRotation.x
      value: -0
      objectReference: {fileID: 0}
    - target: {fileID: 3809557235753403363, guid: 7abed39f2fbc15f4fa9ce031c6daded9,
        type: 3}
      propertyPath: m_LocalRotation.y
      value: -0
      objectReference: {fileID: 0}
    - target: {fileID: 3809557235753403363, guid: 7abed39f2fbc15f4fa9ce031c6daded9,
        type: 3}
      propertyPath: m_LocalRotation.z
      value: -0
      objectReference: {fileID: 0}
    - target: {fileID: 3809557235753403363, guid: 7abed39f2fbc15f4fa9ce031c6daded9,
        type: 3}
      propertyPath: m_LocalRotation.w
      value: 1
      objectReference: {fileID: 0}
    - target: {fileID: 3809557235753403363, guid: 7abed39f2fbc15f4fa9ce031c6daded9,
        type: 3}
      propertyPath: m_RootOrder
      value: 1
      objectReference: {fileID: 0}
    - target: {fileID: 3809557235753403363, guid: 7abed39f2fbc15f4fa9ce031c6daded9,
        type: 3}
      propertyPath: m_LocalEulerAnglesHint.x
      value: 0
      objectReference: {fileID: 0}
    - target: {fileID: 3809557235753403363, guid: 7abed39f2fbc15f4fa9ce031c6daded9,
        type: 3}
      propertyPath: m_LocalEulerAnglesHint.y
      value: 0
      objectReference: {fileID: 0}
    - target: {fileID: 3809557235753403363, guid: 7abed39f2fbc15f4fa9ce031c6daded9,
        type: 3}
      propertyPath: m_LocalEulerAnglesHint.z
      value: 0
      objectReference: {fileID: 0}
    m_RemovedComponents: []
  m_SourcePrefab: {fileID: 100100000, guid: 7abed39f2fbc15f4fa9ce031c6daded9, type: 3}
--- !u!4 &3993654043476167940 stripped
Transform:
  m_CorrespondingSourceObject: {fileID: 3809557235753403363, guid: 7abed39f2fbc15f4fa9ce031c6daded9,
    type: 3}
  m_PrefabInstance: {fileID: 266287621333503719}
  m_PrefabAsset: {fileID: 0}
--- !u!1001 &753813860049534731
PrefabInstance:
  m_ObjectHideFlags: 0
  serializedVersion: 2
  m_Modification:
    m_TransformParent: {fileID: 7627909110730775718}
    m_Modifications:
    - target: {fileID: 6214568991236003498, guid: f95c091b21af25f4cbda2eca07a268e7,
        type: 3}
      propertyPath: m_Name
      value: ScoreText_L_O
      objectReference: {fileID: 0}
    - target: {fileID: 3809557235753403363, guid: f95c091b21af25f4cbda2eca07a268e7,
        type: 3}
      propertyPath: m_LocalPosition.x
      value: 2.5
      objectReference: {fileID: 0}
    - target: {fileID: 3809557235753403363, guid: f95c091b21af25f4cbda2eca07a268e7,
        type: 3}
      propertyPath: m_LocalPosition.y
      value: 0
      objectReference: {fileID: 0}
    - target: {fileID: 3809557235753403363, guid: f95c091b21af25f4cbda2eca07a268e7,
        type: 3}
      propertyPath: m_LocalPosition.z
      value: 0
      objectReference: {fileID: 0}
    - target: {fileID: 3809557235753403363, guid: f95c091b21af25f4cbda2eca07a268e7,
        type: 3}
      propertyPath: m_LocalRotation.x
      value: -0
      objectReference: {fileID: 0}
    - target: {fileID: 3809557235753403363, guid: f95c091b21af25f4cbda2eca07a268e7,
        type: 3}
      propertyPath: m_LocalRotation.y
      value: -0
      objectReference: {fileID: 0}
    - target: {fileID: 3809557235753403363, guid: f95c091b21af25f4cbda2eca07a268e7,
        type: 3}
      propertyPath: m_LocalRotation.z
      value: -0
      objectReference: {fileID: 0}
    - target: {fileID: 3809557235753403363, guid: f95c091b21af25f4cbda2eca07a268e7,
        type: 3}
      propertyPath: m_LocalRotation.w
      value: 1
      objectReference: {fileID: 0}
    - target: {fileID: 3809557235753403363, guid: f95c091b21af25f4cbda2eca07a268e7,
        type: 3}
      propertyPath: m_RootOrder
      value: 6
      objectReference: {fileID: 0}
    - target: {fileID: 3809557235753403363, guid: f95c091b21af25f4cbda2eca07a268e7,
        type: 3}
      propertyPath: m_LocalEulerAnglesHint.x
      value: 0
      objectReference: {fileID: 0}
    - target: {fileID: 3809557235753403363, guid: f95c091b21af25f4cbda2eca07a268e7,
        type: 3}
      propertyPath: m_LocalEulerAnglesHint.y
      value: 0
      objectReference: {fileID: 0}
    - target: {fileID: 3809557235753403363, guid: f95c091b21af25f4cbda2eca07a268e7,
        type: 3}
      propertyPath: m_LocalEulerAnglesHint.z
      value: 0
      objectReference: {fileID: 0}
    m_RemovedComponents: []
  m_SourcePrefab: {fileID: 100100000, guid: f95c091b21af25f4cbda2eca07a268e7, type: 3}
--- !u!4 &4514948412858006760 stripped
Transform:
  m_CorrespondingSourceObject: {fileID: 3809557235753403363, guid: f95c091b21af25f4cbda2eca07a268e7,
    type: 3}
  m_PrefabInstance: {fileID: 753813860049534731}
  m_PrefabAsset: {fileID: 0}
--- !u!1001 &896148377222333891
PrefabInstance:
  m_ObjectHideFlags: 0
  serializedVersion: 2
  m_Modification:
    m_TransformParent: {fileID: 7627909110730775718}
    m_Modifications:
    - target: {fileID: 6214568991236003498, guid: 4aee962f69447534785ef4f168010b5c,
        type: 3}
      propertyPath: m_Name
      value: ScoreText_L_G
      objectReference: {fileID: 0}
    - target: {fileID: 3809557235753403363, guid: 4aee962f69447534785ef4f168010b5c,
        type: 3}
      propertyPath: m_LocalPosition.x
      value: -2.5
      objectReference: {fileID: 0}
    - target: {fileID: 3809557235753403363, guid: 4aee962f69447534785ef4f168010b5c,
        type: 3}
      propertyPath: m_LocalPosition.y
      value: 0
      objectReference: {fileID: 0}
    - target: {fileID: 3809557235753403363, guid: 4aee962f69447534785ef4f168010b5c,
        type: 3}
      propertyPath: m_LocalPosition.z
      value: 0
      objectReference: {fileID: 0}
    - target: {fileID: 3809557235753403363, guid: 4aee962f69447534785ef4f168010b5c,
        type: 3}
      propertyPath: m_LocalRotation.x
      value: -0
      objectReference: {fileID: 0}
    - target: {fileID: 3809557235753403363, guid: 4aee962f69447534785ef4f168010b5c,
        type: 3}
      propertyPath: m_LocalRotation.y
      value: -0
      objectReference: {fileID: 0}
    - target: {fileID: 3809557235753403363, guid: 4aee962f69447534785ef4f168010b5c,
        type: 3}
      propertyPath: m_LocalRotation.z
      value: -0
      objectReference: {fileID: 0}
    - target: {fileID: 3809557235753403363, guid: 4aee962f69447534785ef4f168010b5c,
        type: 3}
      propertyPath: m_LocalRotation.w
      value: 1
      objectReference: {fileID: 0}
    - target: {fileID: 3809557235753403363, guid: 4aee962f69447534785ef4f168010b5c,
        type: 3}
      propertyPath: m_RootOrder
      value: 2
      objectReference: {fileID: 0}
    - target: {fileID: 3809557235753403363, guid: 4aee962f69447534785ef4f168010b5c,
        type: 3}
      propertyPath: m_LocalEulerAnglesHint.x
      value: 0
      objectReference: {fileID: 0}
    - target: {fileID: 3809557235753403363, guid: 4aee962f69447534785ef4f168010b5c,
        type: 3}
      propertyPath: m_LocalEulerAnglesHint.y
      value: 0
      objectReference: {fileID: 0}
    - target: {fileID: 3809557235753403363, guid: 4aee962f69447534785ef4f168010b5c,
        type: 3}
      propertyPath: m_LocalEulerAnglesHint.z
      value: 0
      objectReference: {fileID: 0}
    m_RemovedComponents: []
  m_SourcePrefab: {fileID: 100100000, guid: 4aee962f69447534785ef4f168010b5c, type: 3}
--- !u!4 &4085193861729125920 stripped
Transform:
  m_CorrespondingSourceObject: {fileID: 3809557235753403363, guid: 4aee962f69447534785ef4f168010b5c,
    type: 3}
  m_PrefabInstance: {fileID: 896148377222333891}
  m_PrefabAsset: {fileID: 0}
--- !u!1001 &1195107700515671844
PrefabInstance:
  m_ObjectHideFlags: 0
  serializedVersion: 2
  m_Modification:
    m_TransformParent: {fileID: 7627909110730775718}
    m_Modifications:
    - target: {fileID: 6214568991236003498, guid: cb331766b2258d84cb446d3fe9d62c46,
        type: 3}
      propertyPath: m_Name
      value: ScoreText_L_R
      objectReference: {fileID: 0}
    - target: {fileID: 3809557235753403363, guid: cb331766b2258d84cb446d3fe9d62c46,
        type: 3}
      propertyPath: m_LocalPosition.x
      value: 3.5
      objectReference: {fileID: 0}
    - target: {fileID: 3809557235753403363, guid: cb331766b2258d84cb446d3fe9d62c46,
        type: 3}
      propertyPath: m_LocalPosition.y
      value: 0
      objectReference: {fileID: 0}
    - target: {fileID: 3809557235753403363, guid: cb331766b2258d84cb446d3fe9d62c46,
        type: 3}
      propertyPath: m_LocalPosition.z
      value: 0
      objectReference: {fileID: 0}
    - target: {fileID: 3809557235753403363, guid: cb331766b2258d84cb446d3fe9d62c46,
        type: 3}
      propertyPath: m_LocalRotation.x
      value: -0
      objectReference: {fileID: 0}
    - target: {fileID: 3809557235753403363, guid: cb331766b2258d84cb446d3fe9d62c46,
        type: 3}
      propertyPath: m_LocalRotation.y
      value: -0
      objectReference: {fileID: 0}
    - target: {fileID: 3809557235753403363, guid: cb331766b2258d84cb446d3fe9d62c46,
        type: 3}
      propertyPath: m_LocalRotation.z
      value: -0
      objectReference: {fileID: 0}
    - target: {fileID: 3809557235753403363, guid: cb331766b2258d84cb446d3fe9d62c46,
        type: 3}
      propertyPath: m_LocalRotation.w
      value: 1
      objectReference: {fileID: 0}
    - target: {fileID: 3809557235753403363, guid: cb331766b2258d84cb446d3fe9d62c46,
        type: 3}
      propertyPath: m_RootOrder
      value: 7
      objectReference: {fileID: 0}
    - target: {fileID: 3809557235753403363, guid: cb331766b2258d84cb446d3fe9d62c46,
        type: 3}
      propertyPath: m_LocalEulerAnglesHint.x
      value: 0
      objectReference: {fileID: 0}
    - target: {fileID: 3809557235753403363, guid: cb331766b2258d84cb446d3fe9d62c46,
        type: 3}
      propertyPath: m_LocalEulerAnglesHint.y
      value: 0
      objectReference: {fileID: 0}
    - target: {fileID: 3809557235753403363, guid: cb331766b2258d84cb446d3fe9d62c46,
        type: 3}
      propertyPath: m_LocalEulerAnglesHint.z
      value: 0
      objectReference: {fileID: 0}
    m_RemovedComponents: []
  m_SourcePrefab: {fileID: 100100000, guid: cb331766b2258d84cb446d3fe9d62c46, type: 3}
--- !u!4 &2615364328945863879 stripped
Transform:
  m_CorrespondingSourceObject: {fileID: 3809557235753403363, guid: cb331766b2258d84cb446d3fe9d62c46,
    type: 3}
  m_PrefabInstance: {fileID: 1195107700515671844}
  m_PrefabAsset: {fileID: 0}
--- !u!1001 &2266284251614899591
PrefabInstance:
  m_ObjectHideFlags: 0
  serializedVersion: 2
  m_Modification:
    m_TransformParent: {fileID: 7627909110730775718}
    m_Modifications:
    - target: {fileID: 6214568991236003498, guid: 6ae14e6dd9aade24f870089d8d39c914,
        type: 3}
      propertyPath: m_Name
      value: ScoreText_L_S
      objectReference: {fileID: 0}
    - target: {fileID: 3809557235753403363, guid: 6ae14e6dd9aade24f870089d8d39c914,
        type: 3}
      propertyPath: m_LocalPosition.x
      value: 0.5
      objectReference: {fileID: 0}
    - target: {fileID: 3809557235753403363, guid: 6ae14e6dd9aade24f870089d8d39c914,
        type: 3}
      propertyPath: m_LocalPosition.y
      value: 0
      objectReference: {fileID: 0}
    - target: {fileID: 3809557235753403363, guid: 6ae14e6dd9aade24f870089d8d39c914,
        type: 3}
      propertyPath: m_LocalPosition.z
      value: 0
      objectReference: {fileID: 0}
    - target: {fileID: 3809557235753403363, guid: 6ae14e6dd9aade24f870089d8d39c914,
        type: 3}
      propertyPath: m_LocalRotation.x
      value: -0
      objectReference: {fileID: 0}
    - target: {fileID: 3809557235753403363, guid: 6ae14e6dd9aade24f870089d8d39c914,
        type: 3}
      propertyPath: m_LocalRotation.y
      value: -0
      objectReference: {fileID: 0}
    - target: {fileID: 3809557235753403363, guid: 6ae14e6dd9aade24f870089d8d39c914,
        type: 3}
      propertyPath: m_LocalRotation.z
      value: -0
      objectReference: {fileID: 0}
    - target: {fileID: 3809557235753403363, guid: 6ae14e6dd9aade24f870089d8d39c914,
        type: 3}
      propertyPath: m_LocalRotation.w
      value: 1
      objectReference: {fileID: 0}
    - target: {fileID: 3809557235753403363, guid: 6ae14e6dd9aade24f870089d8d39c914,
        type: 3}
      propertyPath: m_RootOrder
      value: 4
      objectReference: {fileID: 0}
    - target: {fileID: 3809557235753403363, guid: 6ae14e6dd9aade24f870089d8d39c914,
        type: 3}
      propertyPath: m_LocalEulerAnglesHint.x
      value: 0
      objectReference: {fileID: 0}
    - target: {fileID: 3809557235753403363, guid: 6ae14e6dd9aade24f870089d8d39c914,
        type: 3}
      propertyPath: m_LocalEulerAnglesHint.y
      value: 0
      objectReference: {fileID: 0}
    - target: {fileID: 3809557235753403363, guid: 6ae14e6dd9aade24f870089d8d39c914,
        type: 3}
      propertyPath: m_LocalEulerAnglesHint.z
      value: 0
      objectReference: {fileID: 0}
    m_RemovedComponents: []
  m_SourcePrefab: {fileID: 100100000, guid: 6ae14e6dd9aade24f870089d8d39c914, type: 3}
--- !u!4 &3147226253120548452 stripped
Transform:
  m_CorrespondingSourceObject: {fileID: 3809557235753403363, guid: 6ae14e6dd9aade24f870089d8d39c914,
    type: 3}
  m_PrefabInstance: {fileID: 2266284251614899591}
  m_PrefabAsset: {fileID: 0}
--- !u!1001 &3305402534034088075
PrefabInstance:
  m_ObjectHideFlags: 0
  serializedVersion: 2
  m_Modification:
    m_TransformParent: {fileID: 7627909110730775718}
    m_Modifications:
    - target: {fileID: 6214568991236003498, guid: c34057d5dee6fda45810dad5d1d1afd2,
        type: 3}
      propertyPath: m_Name
      value: ScoreText_L_C
      objectReference: {fileID: 0}
    - target: {fileID: 3809557235753403363, guid: c34057d5dee6fda45810dad5d1d1afd2,
        type: 3}
      propertyPath: m_LocalPosition.x
      value: 1.5
      objectReference: {fileID: 0}
    - target: {fileID: 3809557235753403363, guid: c34057d5dee6fda45810dad5d1d1afd2,
        type: 3}
      propertyPath: m_LocalPosition.y
      value: 0
      objectReference: {fileID: 0}
    - target: {fileID: 3809557235753403363, guid: c34057d5dee6fda45810dad5d1d1afd2,
        type: 3}
      propertyPath: m_LocalPosition.z
      value: 0
      objectReference: {fileID: 0}
    - target: {fileID: 3809557235753403363, guid: c34057d5dee6fda45810dad5d1d1afd2,
        type: 3}
      propertyPath: m_LocalRotation.x
      value: -0
      objectReference: {fileID: 0}
    - target: {fileID: 3809557235753403363, guid: c34057d5dee6fda45810dad5d1d1afd2,
        type: 3}
      propertyPath: m_LocalRotation.y
      value: -0
      objectReference: {fileID: 0}
    - target: {fileID: 3809557235753403363, guid: c34057d5dee6fda45810dad5d1d1afd2,
        type: 3}
      propertyPath: m_LocalRotation.z
      value: -0
      objectReference: {fileID: 0}
    - target: {fileID: 3809557235753403363, guid: c34057d5dee6fda45810dad5d1d1afd2,
        type: 3}
      propertyPath: m_LocalRotation.w
      value: 1
      objectReference: {fileID: 0}
    - target: {fileID: 3809557235753403363, guid: c34057d5dee6fda45810dad5d1d1afd2,
        type: 3}
      propertyPath: m_RootOrder
      value: 5
      objectReference: {fileID: 0}
    - target: {fileID: 3809557235753403363, guid: c34057d5dee6fda45810dad5d1d1afd2,
        type: 3}
      propertyPath: m_LocalEulerAnglesHint.x
      value: 0
      objectReference: {fileID: 0}
    - target: {fileID: 3809557235753403363, guid: c34057d5dee6fda45810dad5d1d1afd2,
        type: 3}
      propertyPath: m_LocalEulerAnglesHint.y
      value: 0
      objectReference: {fileID: 0}
    - target: {fileID: 3809557235753403363, guid: c34057d5dee6fda45810dad5d1d1afd2,
        type: 3}
      propertyPath: m_LocalEulerAnglesHint.z
      value: 0
      objectReference: {fileID: 0}
    m_RemovedComponents: []
  m_SourcePrefab: {fileID: 100100000, guid: c34057d5dee6fda45810dad5d1d1afd2, type: 3}
--- !u!4 &1801829115450286952 stripped
Transform:
  m_CorrespondingSourceObject: {fileID: 3809557235753403363, guid: c34057d5dee6fda45810dad5d1d1afd2,
    type: 3}
  m_PrefabInstance: {fileID: 3305402534034088075}
  m_PrefabAsset: {fileID: 0}
--- !u!1001 &3679230243275077139
PrefabInstance:
  m_ObjectHideFlags: 0
  serializedVersion: 2
  m_Modification:
    m_TransformParent: {fileID: 7627909110730775718}
    m_Modifications:
    - target: {fileID: 6214568991236003498, guid: eba4321c19f49b7478e266f30c088365,
        type: 3}
      propertyPath: m_Name
      value: ScoreText_L_H01
      objectReference: {fileID: 0}
    - target: {fileID: 3809557235753403363, guid: eba4321c19f49b7478e266f30c088365,
        type: 3}
      propertyPath: m_LocalPosition.x
      value: -4.5
      objectReference: {fileID: 0}
    - target: {fileID: 3809557235753403363, guid: eba4321c19f49b7478e266f30c088365,
        type: 3}
      propertyPath: m_LocalPosition.y
      value: 0
      objectReference: {fileID: 0}
    - target: {fileID: 3809557235753403363, guid: eba4321c19f49b7478e266f30c088365,
        type: 3}
      propertyPath: m_LocalPosition.z
      value: 0
      objectReference: {fileID: 0}
    - target: {fileID: 3809557235753403363, guid: eba4321c19f49b7478e266f30c088365,
        type: 3}
      propertyPath: m_LocalRotation.x
      value: -0
      objectReference: {fileID: 0}
    - target: {fileID: 3809557235753403363, guid: eba4321c19f49b7478e266f30c088365,
        type: 3}
      propertyPath: m_LocalRotation.y
      value: -0
      objectReference: {fileID: 0}
    - target: {fileID: 3809557235753403363, guid: eba4321c19f49b7478e266f30c088365,
        type: 3}
      propertyPath: m_LocalRotation.z
      value: -0
      objectReference: {fileID: 0}
    - target: {fileID: 3809557235753403363, guid: eba4321c19f49b7478e266f30c088365,
        type: 3}
      propertyPath: m_LocalRotation.w
      value: 1
      objectReference: {fileID: 0}
    - target: {fileID: 3809557235753403363, guid: eba4321c19f49b7478e266f30c088365,
        type: 3}
      propertyPath: m_RootOrder
      value: 0
      objectReference: {fileID: 0}
    - target: {fileID: 3809557235753403363, guid: eba4321c19f49b7478e266f30c088365,
        type: 3}
      propertyPath: m_LocalEulerAnglesHint.x
      value: 0
      objectReference: {fileID: 0}
    - target: {fileID: 3809557235753403363, guid: eba4321c19f49b7478e266f30c088365,
        type: 3}
      propertyPath: m_LocalEulerAnglesHint.y
      value: 0
      objectReference: {fileID: 0}
    - target: {fileID: 3809557235753403363, guid: eba4321c19f49b7478e266f30c088365,
        type: 3}
      propertyPath: m_LocalEulerAnglesHint.z
      value: 0
      objectReference: {fileID: 0}
    m_RemovedComponents: []
  m_SourcePrefab: {fileID: 100100000, guid: eba4321c19f49b7478e266f30c088365, type: 3}
--- !u!4 &563236335629972976 stripped
Transform:
  m_CorrespondingSourceObject: {fileID: 3809557235753403363, guid: eba4321c19f49b7478e266f30c088365,
    type: 3}
  m_PrefabInstance: {fileID: 3679230243275077139}
  m_PrefabAsset: {fileID: 0}
--- !u!1001 &6426164524084981750
PrefabInstance:
  m_ObjectHideFlags: 0
  serializedVersion: 2
  m_Modification:
    m_TransformParent: {fileID: 7627909110730775718}
    m_Modifications:
    - target: {fileID: 6214568991236003498, guid: 48b7a14d8f29b1c46befa7c0e18cf306,
        type: 3}
      propertyPath: m_Name
      value: ScoreText_L_E
      objectReference: {fileID: 0}
    - target: {fileID: 3809557235753403363, guid: 48b7a14d8f29b1c46befa7c0e18cf306,
        type: 3}
      propertyPath: m_LocalPosition.x
      value: 4.5
      objectReference: {fileID: 0}
    - target: {fileID: 3809557235753403363, guid: 48b7a14d8f29b1c46befa7c0e18cf306,
        type: 3}
      propertyPath: m_LocalPosition.y
      value: 0
      objectReference: {fileID: 0}
    - target: {fileID: 3809557235753403363, guid: 48b7a14d8f29b1c46befa7c0e18cf306,
        type: 3}
      propertyPath: m_LocalPosition.z
      value: 0
      objectReference: {fileID: 0}
    - target: {fileID: 3809557235753403363, guid: 48b7a14d8f29b1c46befa7c0e18cf306,
        type: 3}
      propertyPath: m_LocalRotation.x
      value: -0
      objectReference: {fileID: 0}
    - target: {fileID: 3809557235753403363, guid: 48b7a14d8f29b1c46befa7c0e18cf306,
        type: 3}
      propertyPath: m_LocalRotation.y
      value: -0
      objectReference: {fileID: 0}
    - target: {fileID: 3809557235753403363, guid: 48b7a14d8f29b1c46befa7c0e18cf306,
        type: 3}
      propertyPath: m_LocalRotation.z
      value: -0
      objectReference: {fileID: 0}
    - target: {fileID: 3809557235753403363, guid: 48b7a14d8f29b1c46befa7c0e18cf306,
        type: 3}
      propertyPath: m_LocalRotation.w
      value: 1
      objectReference: {fileID: 0}
    - target: {fileID: 3809557235753403363, guid: 48b7a14d8f29b1c46befa7c0e18cf306,
        type: 3}
      propertyPath: m_RootOrder
      value: 8
      objectReference: {fileID: 0}
    - target: {fileID: 3809557235753403363, guid: 48b7a14d8f29b1c46befa7c0e18cf306,
        type: 3}
      propertyPath: m_LocalEulerAnglesHint.x
      value: 0
      objectReference: {fileID: 0}
    - target: {fileID: 3809557235753403363, guid: 48b7a14d8f29b1c46befa7c0e18cf306,
        type: 3}
      propertyPath: m_LocalEulerAnglesHint.y
      value: 0
      objectReference: {fileID: 0}
    - target: {fileID: 3809557235753403363, guid: 48b7a14d8f29b1c46befa7c0e18cf306,
        type: 3}
      propertyPath: m_LocalEulerAnglesHint.z
      value: 0
      objectReference: {fileID: 0}
    m_RemovedComponents: []
  m_SourcePrefab: {fileID: 100100000, guid: 48b7a14d8f29b1c46befa7c0e18cf306, type: 3}
--- !u!4 &7921856523869137941 stripped
Transform:
  m_CorrespondingSourceObject: {fileID: 3809557235753403363, guid: 48b7a14d8f29b1c46befa7c0e18cf306,
    type: 3}
  m_PrefabInstance: {fileID: 6426164524084981750}
  m_PrefabAsset: {fileID: 0}
--- !u!1001 &7609353677309476088
PrefabInstance:
  m_ObjectHideFlags: 0
  serializedVersion: 2
  m_Modification:
    m_TransformParent: {fileID: 7627909110730775718}
    m_Modifications:
    - target: {fileID: 6214568991236003498, guid: eba4321c19f49b7478e266f30c088365,
        type: 3}
      propertyPath: m_Name
      value: ScoreText_L_H02
      objectReference: {fileID: 0}
    - target: {fileID: 3809557235753403363, guid: eba4321c19f49b7478e266f30c088365,
        type: 3}
      propertyPath: m_LocalPosition.x
      value: -1.5
      objectReference: {fileID: 0}
    - target: {fileID: 3809557235753403363, guid: eba4321c19f49b7478e266f30c088365,
        type: 3}
      propertyPath: m_LocalPosition.y
      value: 0
      objectReference: {fileID: 0}
    - target: {fileID: 3809557235753403363, guid: eba4321c19f49b7478e266f30c088365,
        type: 3}
      propertyPath: m_LocalPosition.z
      value: 0
      objectReference: {fileID: 0}
    - target: {fileID: 3809557235753403363, guid: eba4321c19f49b7478e266f30c088365,
        type: 3}
      propertyPath: m_LocalRotation.x
      value: -0
      objectReference: {fileID: 0}
    - target: {fileID: 3809557235753403363, guid: eba4321c19f49b7478e266f30c088365,
        type: 3}
      propertyPath: m_LocalRotation.y
      value: -0
      objectReference: {fileID: 0}
    - target: {fileID: 3809557235753403363, guid: eba4321c19f49b7478e266f30c088365,
        type: 3}
      propertyPath: m_LocalRotation.z
      value: -0
      objectReference: {fileID: 0}
    - target: {fileID: 3809557235753403363, guid: eba4321c19f49b7478e266f30c088365,
        type: 3}
      propertyPath: m_LocalRotation.w
      value: 1
      objectReference: {fileID: 0}
    - target: {fileID: 3809557235753403363, guid: eba4321c19f49b7478e266f30c088365,
        type: 3}
      propertyPath: m_RootOrder
      value: 3
      objectReference: {fileID: 0}
    - target: {fileID: 3809557235753403363, guid: eba4321c19f49b7478e266f30c088365,
        type: 3}
      propertyPath: m_LocalEulerAnglesHint.x
      value: 0
      objectReference: {fileID: 0}
    - target: {fileID: 3809557235753403363, guid: eba4321c19f49b7478e266f30c088365,
        type: 3}
      propertyPath: m_LocalEulerAnglesHint.y
      value: 0
      objectReference: {fileID: 0}
    - target: {fileID: 3809557235753403363, guid: eba4321c19f49b7478e266f30c088365,
        type: 3}
      propertyPath: m_LocalEulerAnglesHint.z
      value: 0
      objectReference: {fileID: 0}
    m_RemovedComponents: []
  m_SourcePrefab: {fileID: 100100000, guid: eba4321c19f49b7478e266f30c088365, type: 3}
--- !u!4 &6721515539007422235 stripped
Transform:
  m_CorrespondingSourceObject: {fileID: 3809557235753403363, guid: eba4321c19f49b7478e266f30c088365,
    type: 3}
  m_PrefabInstance: {fileID: 7609353677309476088}
  m_PrefabAsset: {fileID: 0}
